2479 3508
1137 575 213 68 — 218 —

558 637 1374 76 Là, ils adoptent celle qui ressemble le plus, ou bien qu’ils la font venir à grands

561 698 552 62 frais des pays les plus éloignés.

608 757 1324 73 M. HALÉVY. On ne fait jamais violence au climat, parce que lorsque le climat

555 812 655 62 n'est pas content, il ne produit rien.

608 879 1321 68 M. Castaing. En un mot, en fait de céréales, le besoin consacré par l’usage.

558 935 1362 64 est de ceux que l’on satisfait à tout prix. Pour vous le faire toucher du doigt,

558 973 1365 70 je vais vous exposer, aussi méthodiquement que mes souvenirs le permettront,

558 1023 1371 67 les informations que j’ai recueillies pour la rédaction de cette partie du pro-

549 1069 406 74 gramme de la Société.

602 1110 1327 71 Le genre blé comprend deux espèces qui se subdivisent en plus de quatre.

552 1169 1064 61 cents variétés; ces deux espèces sont le froment et l’épeautre.

608 1210 1318 67 Le froment est la céréale par excellence, la plus rémunératrice pour le cul-

555 1259 1371 62 Itivateur, la plus riche en éléments nutritifs, la plus savoureuse, en un mot, la

558 1306 1368 65 plus parfaite. Si l’on n’en fait point partout, c’est qu’il exige des terres de pre-

558 1353 1368 64 mière qualité, une température modérée et beaucoup de travail et d’engrais;

552 1400 1374 61 de plus, dans les années favorables, il produit tellement que les prix s’avilis-

552 1447 1374 64 sent et ils cessent d’être suffisamment rémunérateurs; son histoire, qui est celle

558 1502 1371 59 de la civilisation à laquelle nous appartenons, commence avec les premières

555 1549 664 58 sociétés historiques, en Mésopotamie.

590 1610 1222 65 M. HALEVY. Je ne crois pas que le blé soit indigène en Mésopotamie.

602 1677 1324 68 M. CASTAING. Hérodote I'y trouva à l’état natif et doué d’une vigueur extra-

549 1727 1374 65 ordinaire. La Bible en mentionne le pain, au temps d’Abraham, la plante, à

549 1774 1374 64 celui de Jacob, près de vingt siècles avant notre ère. Depuis cette époque, on

546 1821 1377 64 l’a vu marcher constamment vers l’Occident ; dès l'antiquité, il couvrait l’Europe.

546 1868 1377 64 civilisée, et, du temps d’Hérodote, la Russie méridionale le produisait en abon-

546 1914 1377 68 dance pour l’exportation; les Romains le trouvèrent aux bords de l'Atlantique,

549 1967 743 61 les habitations lacustres en sont remplies.

596 2017 1327 61 Au Xe siècle, les Scandinaves le rencontrèrent en Amérique, et je n'hésite pas

546 2055 1377 64 à croire qu’il est un témoignage d’immigrations européennes d’une date peu

552 2113 1368 59 antérieure. Aujourd’hui, il envahit les États-Unis, de Boston à San Francisco.

599 2154 1324 64 Toutes les populations se rattachant plus ou moins directement à la civili-

546 2201 1374 61 sation gréco-latine lui donnent la forme de pain; mais ceux qui parlent les

549 2248 1374 64 langues sémitiques, surtout les Arabes, le traitent à peu près comme nous

552 2294 1365 65 faisons du riz et en font des préparations ressemblant au couscous de l’Algérie.

552 2338 1368 67 Il est à cela des raisons physiques ; dans les pays chauds, le blé ne tarde pas à

543 2391 1377 58 acquérir l'essence dure, c’est-à-dire qu’au lieu de se composer d’une amande

543 2438 1380 58 farineuse, il prend une consistance cornée, et, à la mouture, il donne une

549 2490 1371 59 semoule grumeleuse, moins propre à la confection du pain; les Africains en

546 2534 1371 61 font donc du couscous, et les Napolitains du macaroni. Quant à l’Égypte, son

552 2575 1368 67 blé est détestable pour la fabrication du pain, et, en France, nous ne l’employons

546 2625 1374 64 qu’à la fabrication de l’amidon; mais, rôti, mondé et cuit entier, il donne un

546 2669 1374 67 brouet passable. En Asie, de temps immémorial, on fait du pain, mais, le plus

549 2718 1368 65 souvent, il est loin de ressembler au nôtre. N'oublions pas cependant que la

552 2768 1368 70 Phénicie paraît avoir répandu en Europe l’usage du pain, et qu’au début de

961 3379 547 67 Droits reservés au CNAM et à ses partenaires
