2479 3508
1137 578 213 70 — 216 —

552 654 1368 62 se détruire la face. Les dompteurs, pour conduire leurs carnassiers, leur

546 698 1374 62 donnent des coups sur le nez, jamais sur le derrière ni ailleurs, comme on

546 742 1143 64 le fait partout pour les herbivores, moutons, veaux, chèvres, etc.

593 792 1327 61 Cela retient de beaucoup les questions d’ethnographie, car c’est une règle

555 844 1362 59 universelle que l’on peut constater sur tout le globe. Je le répète, les parties

546 885 1377 62 orientales ont toujours marché vers la civilisation; toujours aussi les civilisa-

555 938 1248 58 tions ont été détruites par des peuples partis des contrées occidentales.

596 985 1327 58 Eh bien ! d’après une statistique faite en Russie, on a remarqué que sur la

552 1031 1374 65 partie orientale de la chaîne du WaldaÏ, on rencontrait le maximum de la pro-

546 1078 1383 59 duction agricole et du développement intellectuel, tandis que, sur le versant

552 1128 1082 58 occidental, on constatait le minimum sous ces deux rapports.

590 1172 1336 61 La Belgique est très riche parce que la pente des rivières expose toutes les

549 1216 1377 61 choses au soleil levant. La population belge est très industrielle, très civilisée et

549 1265 1377 68 par-dessus tout très sociable. Plus loin, en Hollande, on ne trouve que des pâtu-

555 1315 1371 58 rages, car toutes les rivières coulent du nord-est au sud-ouest. Là, c’est l’état

552 1356 1374 64 pastoral. Si la Hollande n’avait pas ses colonies, elle serait au bas degré de

552 1403 383 64 l’échelle des peuples.

593 1452 1336 62 L’Italie nous offre le même phénomène. Il y a deux Italies qui ne se res-

549 1496 1377 65 semblent pas. Dans la partie qui regarde la mer Adriatique, la population est

549 1549 1371 58 belle, douce, civilisée. Tous les hommes de bien sont nés sur ce versant. Tous

555 1590 1371 67 les scélérats, tous ceux qui ont sali la civilisation par leurs crimes, sont nés

546 1639 1380 62 sur le versant occidental. Il est facile de s’en convaincre en lisant la Biogra-

540 1683 284 71 phie universelle.

605 1751 1318 73 M. LE PRÉSIDENT. L'ordre du jour appelle la discussion de la partie du pro-

549 1806 1374 67 gramme relative à l’influence de la nourriture sur le caractère et le dévelop-

546 1859 886 64 pement des peuples. La parole est à M. Castaing.

850 1999 787 70 DE L'INFLUENCE DE LA NOURRITURE

686 2075 1108 70 SUR LE CARACTÈRE ET LE DÉVELOPPEMENT DES PEUPLES.

745 2256 988 62 DELA DISTRIBUTION DES CÉRÉALES ET DE LEURS SUCCÉDANÉES,

599 2429 1327 70 Après les considérations d’ordre général qui viennent de vous être présen-

549 2481 1374 62 tées, vous allez trouver, Messieurs, ma communication bien terre-à-terre : je

549 2528 1371 62 n’ai à vous exposer que des détails d’alimentation dont le caractère pratique

555 2581 1368 58 est plutôt fait pour intéresser l’homme des champs ou la femme ménagère

549 2622 1368 61 que pour séduire l’homme qui s’adonne aux hautes spéculations de la science.

552 2671 1368 62 J’en ai déjà fait l’expérience. Cependant, tout ce qui touche à la nature ne

555 2724 1365 64 participe-t-il pas à la grandeur? Si j’étais quelque philosophe, je vous dé-

552 2765 1368 67 montrerais qu’il en est ainsi. Et tenez, au temps où il y avait une Providence,

967 3385 547 64 Droits reservés au CNAM et à ses partenaires

1052 2338 380 59 PAR M. A. CASTAING.
