2479 3508
1128 578 216 68 — 217 —

543 646 1371 67 c’était une pensée fort répandue que de supposer qu'elle s’était préoccupée de

546 698 1368 62 nos besoins, et qu’elle avait même réussi à trouver les moyen; les plus sûrs

546 745 1368 61 d’y subvenir. Alors on lui faisait la belle part dans l’arrangement du monde,

546 795 658 58 et le poète ne craignait pas de dire :

882 871 567 102 Aux petits des oiseaux il donne la pâture,

888 912 553 61 Et sa bonté s'étend sur toute la nature.

596 1002 1318 59 Aujourd’hui, nous sommes plus positifs et je ne m’en plains pas. Seule¬

546 1046 1368 59 ment, je me permets de trouver surprenant que nous sachions désormais si

549 1093 1365 61 peu ce que sont les causes finales, que ceux qui font profession de les mé-

552 1145 1362 62 priser les invoquent constamment sans en avoir conscience ; tels les transfor¬

546 1183 1371 65 mistes, avec leur sélection naturelle et la lutte pour l’existence. Mais je ne

552 1236 1266 64 voudrais pas sortir de la question qui est à l’ordre du jour. (Très bien !)

590 1274 1330 67 Dans le questionnaire du Congrès, l’objet en est indiqué sous la forme sui¬

549 1327 135 61 vante:

587 1388 1301 67 « Influence des divers genres de nourriture sur le caractère des peuples. »

590 1455 1149 65 Pour préciser et en même temps pour réduire le cadre, je mets :

593 1523 1324 61 « De la distribution des céréales et de leurs succédanées;» il ne s’agit donc

552 1578 1368 61 plus que du fruit sec et farineux dont chaque groupe humain a fait le prin¬

555 1622 1260 58 cipal élément de son alimentation. Je vais d’abord expliquer les termes.

590 1663 1333 61 Les Latins appelèrent céréales les dons de la déesse Cérès, c’est-à-dire les

549 1713 1368 64 grains dont la récolte remplissait les préoccupations de l’agriculture locale,

552 1759 1365 65 parce que ces grains formaient la base de l’alimentation. Cette compréhen¬

555 1812 1362 58 sion, très vague et sans limites, n’avait rien de scientifique. Nous, qui sommes

549 1859 1368 58 des savants, ou qui, du moins, prêtons l’oreille aux enseignements de la

549 1900 1371 61 science, nous avons précisé, réservant le nom de céréales au fruit de certaines

552 1952 1365 65 graminées dont le grain concassé ou moulu produit une farine composée de

549 1993 1371 67 gluten et d’amidon; éléments indispensables de la fabrication d’une pâte qui

549 2040 1374 64 fermente et dont la cuisson donne du pain. Les céréales comprennent quatre

549 2093 634 64 genres : blé, seigle, orge et avoine.

596 2131 1330 67 Mais il est d’autres graminées, dont les fruits contenant de l’amidon, et dé-

549 2189 1377 67 pourvus de gluten, ne peuvent fournir une pâte qui fermente, et se con¬

549 2233 1377 58 somment sous des formes différentes de celles du pain. On les appelle succé-

549 2283 1026 61 danées des céréales; ce sont les genres riz, mais et millet.

596 2356 658 64 M. HALÉVY. Vous oubliez le sarrasin.

593 2432 1327 64 M. Castaing. On y ajoute le sarrasin, qui n’est pas une graminée, et quelques

549 2481 1371 65 autres récoltes plus ou moins répandues, mais d’importance secondaire pour

552 2531 357 61 l’objet que je traite.

590 2575 1333 64 Quand on examine la question en bloc, il suffit d’un coup d’œil pour recon¬

558 2631 1368 58 naître que la distribution des cultures et des consommations est presque exclu¬

555 2677 1371 59 sivement ethnographique: je veux dire que les instincts et les habitudes des

555 2718 1371 65 races sont tellement enracinés et puissants, qu’ils cherchent à faire violence

558 2771 1368 64 au climat pour lui faire produire la céréale de leur goût, ou à défaut de celle¬

967 3385 547 64 Droits reservés au CNAM et à ses partenaires
