2480 3507
1143 578 208 70 — 172 —

555 648 1378 65 mais, en même temps, ses principes se sont compliqués et partant ont perdu

555 701 1050 61 de leur simplicité, peut-être même de leur clarté primitive.

602 745 1325 61 A côté des deux grandes familles dites sémitique et aryenne, on a reconnu

555 786 1375 70 I’existence de quelques autres familles, moins nettement caractérisées, il est

564 844 1366 59 vrai, mais suffisamment distinctes les unes des autres, pour qu’on ait pu les

555 885 1372 61 admettre dans la classification des langues asiatiques. On a déterminé, au

561 941 1366 55 moins en partie, les affinités de trois rameaux naguère épars : le finnois, le

558 979 1369 64 magyar et le turc, et on les a rattachés, au point de vue grammatical, aux

555 1022 1372 65 idiomes de la longue zone de l’Asie centrale où sont parlés le tibétain, le

555 1075 1369 58 mongol, le mandchou et le japonais, de façon à former la famille dite finno-

555 1128 1375 61 japonaise. D’un autre côté, au sein de l’Inde civilisée par les Aryens, mais dont

555 1169 1375 61 ceux-ci ne sauraient plus être considérés comme les autochtones, on a formé

561 1212 1269 68 le groupe des idiomes dravidiens, dont le tamoul est le plus considérable.

602 1268 1325 58 La famille finno-japonaise, malgré de remarquables essais, est loin d’être

561 1315 1363 58 constituée d’une manière définitive, et en raison du grand nombre de dialectes

561 1361 1363 59 qu’elle embrasse, elle laisse encore subsister bien des doutes sur son homogé-

555 1402 1369 62 néité. La famille dravidienne, au contraire, resserrée dans d’assez étroites li-

555 1449 1372 64 mites, au centre et au sud de l’Hindoustan et à Ceylan, ne peut plus être au-

558 1496 781 70 jourd’hui l’objet d’importantes contestations.

608 1540 1319 70 Voici, en peu de mots, à peu près ce qui a été fait jusqu’à présent pour

558 1583 1366 71 la classification des langues asiatiques. Ce qu’il reste à faire est énorme. De

555 1636 1369 61 tous côtés, des idiomes insuffisamment étudiés paraissent rebelles aux ten-

558 1689 1366 61 tatives de rapprochement. Ces idiomes, il est vrai, sont sans doute ceux des

555 1738 1369 59 aborigènes de l’Asie, de ces populations encore si peu connues qui ont dû être

558 1785 1366 59 refoulées d’âge en âge par les migrations auxquelles on doit la fondation des

555 1832 1369 64 grands empires constitués au sein du monde oriental. Les langues des tribus

549 1873 1372 61 à demi sauvages de la région de l’Himalaya et de l’Indo-Chine sont très pro-

558 1917 1363 67 bablement de ce nombre. Mais à côté de ces langues barbares, nous en trou-

561 1969 1363 62 vons d’autres qui ont été cultivées depuis des siècles, qui sont représentées

555 2016 1369 61 par une riche littérature et qui néanmoins ne semblent guère offrir de ces

555 2066 1369 61 affinités sur lesquelles on puisse jeter les bases d’une famille linguistique ; de

552 2112 1082 65 ce nombre il faut citer le barman, le siamois, l’annamite, etc.

593 2150 1328 65 La classification ethnographique de l’Asie ne repose pas sur les mêmes élé-

552 2203 1369 61 ments que la classification anthropologique et la classification linguistique.

549 2250 1372 61 Quelques personnes s’en étonnent. Je me rends difficilement compte de leur

546 2297 1381 61 étonnement. Les anthropologistes classent des races d’homme, des squelettes et

552 2349 1372 62 des crânes surtout ; les linguistes classent des langues ; les ethnographes classent

546 2393 1378 58 des nationalités, c’est-à-dire des civilisations, car si une nation peut vivre à la

546 2440 1378 61 rigueur sans une somme assez étendue de politesse, sans idée collective, sans

546 2481 1378 67 but déterminé, si ce n’est celui de garantir la conservation des individus qui

546 2527 1381 68 la composent, une nationalité ne peut subsister que par l’adoption par tous

552 2589 1372 55 ses membres d’une idée commune, par le travail de tous pour développer

552 2633 1372 58 une certaine civilisation qui s’est déjà manifestée au moins à l’état rudimen-

552 2679 1372 59 taire et progressif. Mais alors, dira-t-on, vous ne faites que de l’histoire ou

543 2720 1381 65 de la géographie historique ! Cela serait vrai si nous nous bornions à étudier les

543 2770 1384 67 annales des peuples qui existent ou qui ont cessé d’exister, sans chercher à les

962 3381 549 64 Droits reservés au Cnam et à ses partenaires
