2479 3508
1128 578 222 65 — 278 —

549 646 1374 67 la race repose sur un fait physique et naturel, spécialement sur le fait de la

552 695 1374 67 génération, et j’entends par nation la réunion de races différentes aspirant à

552 742 465 64 l’unité sociale et politique.

605 809 1321 73 M. l'abbé DE MEÏSSAS. Je ne puis admettre l’assimilation que l’on fait de

549 862 1371 67 l’agrégation des mollusques avec les véritables sociétés; la juxtaposition ne con¬

552 915 1368 61 stitue pas l’état social; l’état collectif, mais inconscient, n’est même pas un

555 964 1073 62 rudiment de société; ce n’est qu’un fait brutal et contingent.

608 1029 1318 70 M. CASTAING. Observation très juste : un accident a déterminé la position

561 1087 1365 61 d’une huître, un autre accident détermine sa place, et ni dans l’un ni dans l’autre

555 1128 1371 67 cas, il peut n’y avoir aucune modification, et il n’y a aucune conscience d’un

558 1178 833 64 fait qui ne constitue pas même une association.

599 1242 1321 73 M. l’abbé DE MEÏSSAS. La race est la somme des individus ayant les mêmes

552 1300 1371 62 caractères physiques et provenant d’une même souche. La nation est une agré-

546 1347 1009 70 gation d’individus vivant sous le même régime politique.

599 1423 973 64 M. LE PRÉSIENT. La parole est à Mme Clémence Royer.

605 1487 1321 74 Mme Clémence ROYER. Je crois, Messieurs, que nous sommes, sur cette ques¬

552 1546 1371 61 tion, bien près d’être tous d’accord, à quelques nuances près. Nous différons

552 1593 1371 61 seulement par des définitions de mots relativement à la dénomination des

561 1645 1362 68 groupes, des groupements; question qui, peut-être, est encore un peu pen¬

558 1692 313 59 dante pour nous.

599 1727 1324 67 In s'agit, en effet, de déterminer cette dénomination, ces limites; nous

552 1780 1368 61 sommes tous d’accord que la race est un fait physique, biologique, un fait

555 1824 1368 67 fatal; on est fils de quelqu’un, ceci est une vérité que personne ne peut révoquer

552 1873 374 68 en doute. (Sourires.)

596 1917 1327 67 Eh bien! si on est fils de quelqu’un, on a une race, une généalogie; elle est

558 1976 1362 64 pure ou mélangée, peu importe, ou est d’une race quelconque. On a aussi un

561 2022 1359 59 type quelconque, peut-être plus ou moins abâtardi, flottant, peu importe, on

552 2066 763 62 a toujours un type, c’est un fait biologique.

599 2113 1327 61 Dans l’histoire du développement social de l’humanité, il est évident cepen¬

552 2157 1371 64 dant qu’à l’origine de toute société, la race se confond sensiblement avec la na¬

552 2204 1374 64 tion. A l’origine, je ne dirai pas de la nation, car elle ne porte pas encore ce

558 2259 973 56 nom, mais de la tribu, la race est essentiellement pure.

599 2291 1324 71 Tant que l’humanité reste à l’état chasseur, pastoral, nomade, tant que les

552 2347 1371 61 sociétés humaines ne sont pas enracinées au sol par l’agriculture et les grandes

552 2397 1102 61 constructions urbaines, la tribu reste essentiellement ethnique.

599 2440 1321 65 Dans les sociétés d’ensemble qui ont toujours plus ou moins une souche

546 2487 1371 62 commune, il se forme des rameaux, des branches qui viennent se rattacher

546 2531 1374 67 les unes aux autres par des liens plus ou moins prochains et dont l’origine

546 2584 1371 61 est commune. Le mot peuple n’est autre chose que le mot de nation, et même

543 2631 1374 61 dans les temps antiques, le mot de nation se confond avec celui de race. Le

543 2677 1374 62 mot grec ἔθνος signifie aussi bien race que nation; les anciens appliquaient

543 2724 1368 70 cette idée que l’on est toujours fils de quelqu’un non seulement aux individus,

543 2774 1371 64 mais aussi aux peuples. Vous voyez ainsi les quatre fils d’Hellen devenant pères

961 3379 553 64 Droits reservés au Cnam et à ses partenaires
