2479 3508
1122 575 222 65 — 274 —

593 640 1321 73 M. LE PRESIDENT. En conséquence, la parole est à M. le De Gaëtan Delaunay,

543 695 991 65 qui est inscrit le premier pour parler sur cette question.

885 815 711 67 DES DIFFÉRENCES QUI EXISTENT

584 891 1298 67 ENTRE LA RACE, LE PEUPLE, LA NATION, LA NATIONALITÉ ET L'ÉTAT.

590 964 1330 67 M. le Dr Gaëtan Delaunay. Selon moi, Messieurs, la race est biologique; la

543 1017 611 61 nation et l’État sont sociologiques.

596 1064 1324 64 Il y a lieu d’établir une distinction entre les mots race et société. Nous voyons

543 1113 1374 62 des races dans les règnes végétal et animal. Il y a de nombreuses espèces et de

543 1163 1377 58 nombreuses races de plantes et d’animaux; mais certaines de ces plantes, cer¬

549 1213 1371 58 tains de ces animaux seulement vivent en société; car, si nous nous occupons

549 1259 1371 59 des sociétés humaines spécialement, il n’en est pas moins vrai qu’au point de

546 1300 1374 62 vue de l’histoire naturelle, dont parlait M. Madier de Montjau, il existe, dans

549 1341 1371 68 le règne animal et dans le règne végétal, des sociétés dont l’étude est très

543 1394 1380 64 intéressante et devrait, selon moi, former la base de l’étude des sociétés

543 1444 199 58 humaines.

590 1487 1330 62 Les hommes vivent en société, je le veux bien, mais si je vous disais qu’il

546 1534 1368 67 y a beaucoup plus de plantes et d’animaux vivant en société que d’hommes,

549 1584 1374 58 vous comprendriez que cette étude de la sociologie végétale et animale devrait

546 1634 693 64 précéder l’étude des sociétés humaines.

593 1675 1333 64 Quant à présent, j’insiste sur cette distinction qu’il y a lieu d’établir entre

552 1724 412 62 les races et les sociétés.

590 1771 1336 61 Il y a des animaux, des végétaux qui vivent individuellement en dehors de

549 1824 231 55 tout groupe.

590 1865 1339 61 Certains de ces êtres, au contraire, sont groupés, forment des sociétés, et

546 1911 1377 65 alors nous nous trouvons en présence d’une étude nouvelle, celle qui s’applique

546 1955 1380 70 à ces groupes d’êtres organisés, qu’il s’agisse de végétaux ou qu’il s’agisse d’a¬

546 2011 152 61 nimaux.

590 2052 1336 64 Mais l’étude la plus intéressante pour nous est évidemment celle qui s’oc¬

540 2098 521 65 cupe des groupes d’hommes.

590 2148 1336 62 Eh bien! parmi ces groupes, je crois qu’il y en a d’autres que la nation et

543 2189 1377 67 l'État, je crois qu’il y en a qui passent avant eux, qui en sont la base et qui

546 2242 1377 64 sont compris dans ceux-là. Ainsi, quand les êtres se groupent, c’est d’abord

546 2286 1380 70 pour former la famille; la famille est le premier groupe qu’on rencontre,

546 2335 605 65 c’est la base de toutes les sociétés.

593 2376 1333 70 Les familles se groupent ensuite pour former ce qu’on appelle la gens, la

546 2432 1380 61 maison, et ces maisons se groupent elles-mêmes pour former une tribu; ces

549 2476 1377 64 tribus, lorsqu’elles viennent à se grouper, à s’associer entre elles, forment ce

558 2531 1368 59 qu’on appelle la nation. Cette nation est plus ou moins importante; elle com¬

555 2569 1374 70 prend tantôt des milliers, tantôt des millions d’individus; je tenais à bien

552 2622 716 58 marquer les termes de ces groupements.

602 2669 634 61 Considérons les sociétés inférieures.

599 2712 1327 65 La tribu des Mincopies est formée d’environ 80 pérsonnes. Eh bien! tous

552 2759 1374 70 ces individus se ressemblent; de même les animaux inférieurs sont composés

961 3379 553 64 Drois reservés au Cnam et à ses partenaires.
