2479 3508
1137 575 216 68 — 280 —

608 646 1324 67 M. LE PRÉSIDENT. Nous pourrons réunir les questions que vous venez de

564 704 1365 61 poser à celles inscrites au programme; mais nous ne devons pas en ce mo¬

564 751 1365 58 ment élargir encore la question, et je viens vous supplier de vouloir bien vous

558 789 1371 67 renfermer strictement dans le cadre que nous nous sommes fixé. Vous vous

555 836 1371 64 êtes servie du terme de nation et nous sommes d’accord; si vous vous étiez

558 885 1374 62 servie du mot nationalité, nous ne le serions plus; race et nation, ce n’est

555 935 1371 70 pas la même chose; nation et nationalité, ce n’est pas la même chose non plus.

602 976 1324 64 Dans une discussion à laquelle vous-même avez pris part, dans une de nos

564 1029 1365 64 dernières séances, on a reconnu la nécessité d’établir une distinction entre ces

561 1078 903 59 deux mots pour la discussion de notre programme.

602 1148 1327 71 Mme Clémence ROYER. Je viens de voir sur le programme quelles sont à peu

561 1210 1368 58 près les questions posées, et elles peuvent être parfaitement réunies; on peut

555 1245 1371 67 les traiter à un point de vue ou à un autre. Maintenant, pour répondre à l’ob¬

555 1297 1368 62 servation que vous m’avez fait l’honneur de m’adresser, je vous dirai que je

552 1341 1368 68 trouve cette distinction bien subtile. Que l’on distingue entre nation et état,

561 1397 1368 58 cela est très important et je le conçois; entre nation et race, je le comprends

555 1444 1368 58 encore; que l’on distingue entre nation et peuple, bien que ces deux expres¬

558 1493 1365 59 sions soient souvent employées l’une pour l’autre, je le comprends encore;

558 1540 1365 56 mais distinguer entre nation et nationalité, cela, je le répète, me paraît bien

558 1587 1362 61 subtil; il faudrait, selon moi, lorsqu’on veut exprimer une idée différente,

555 1628 1371 58 créer des mots de racine différente, sans quoi nous serons exposés à faire ce

555 1675 1368 58 que font les Allemands qui, ayant un mot qui signifie telle ou telle chose, en

555 1718 1368 65 font un verbe d’où dérive un adjectif, puis un autre verbe qui sert à former

558 1774 1365 56 un nouveau substantif, et ainsi de suite inventant toute une série de mots

555 1815 1368 61 dérivés les uns des autres, puis les idées s’appliquant aux mots nouveaux, si

555 1853 1371 70 bien qu’il en résulte un tel vague dans les discussions qu’il devient impossible

558 1911 772 62 d’y rien reconnaître. (Très bien ! très bien !)

605 1967 1324 61 Nationalité vient de nation; laissons à ce mot le même sens; je ne vois au¬

552 2011 1374 64 cune différence entre eux; d’ailleurs, j’aime beaucoup la clarté et je crains par¬

555 2063 658 59 dessus tout la confusion des langues.

599 2107 1324 65 Dans l'intérêt même de la langue, laissons donc le même sens à ces deux

558 2151 1365 64 mots, à cela près que nous garderons plus spécialement le mot nationalité

558 2207 1368 64 pour les cas où il faudra déterminer des différences politiques, pour l’expres¬

555 2253 1368 59 sion: «le droit de nationalité» par exemple; mais enfin ne donnons pas à des

549 2294 1374 65 mots identiques, de même racine, un sens différent, et si vous avez une autre

552 2341 523 64 idée, cherchez un autre mot!

590 2388 1327 61 Je vous ai dit, pour ma part, quelle est l’idée que je me fais de la nation.

590 2435 1336 61 Je sais qu’un certain nombre de races, de tribus, se sont réunies sous des

543 2481 1377 65 frontières communes et que ces tribus, bien que différentes d’origine des races,

543 2528 1377 64 se sont constituées sur les mêmes lieux et se sont formées par contiguité, parce

546 2575 1374 64 qu’elles étaient obligées d’attaquer ou de défendre la même patrie géogra¬

546 2625 1371 64 phique; de ces individualités rapprochées est sortie une nation, et nous

543 2671 1374 62 avons donc là un fait scientifique social; nous avons une nation qui n’est pas

543 2715 1371 65 formée d’une race unique, mais de races différentes qui, habitant le même

543 2765 1374 67 territoire, ont des intérêts communs pour arriver, par suite de cette commu¬

967 3385 544 64 Droits resenvés eu Cnam et à ses partenaires
