2479 3508
1131 575 216 68 — 277 —

555 646 1377 67 au fond virtuellement; mais, transformées ou non transformées, elles se sont

561 701 1043 59 absorbées dans un individu collectif qu’on appelle la nation.

599 739 1327 64 Eh bien! le mot race est un fait biologique. Quant à une nation, c’est un

555 792 1371 61 assemblage d’hommes, de tribus, de race quelconque, homogène ou non ho¬

555 838 1371 62 mogène, mais que nous ne pouvons pas appeler simplenent une masse

561 885 848 65 fortuite quand nous y attachons l’idée de nation.

599 929 1324 67 Lidée de nationalité implique une certaine histoire; elle implique un fonc¬

552 976 333 64 tionnement actuel.

599 1023 1321 64 Quand les peuples qu’on appelait les Turcs, les Vandales ou les Huns dé-

561 1069 1374 68 bordèrent sur l’Europe, la première idée de l’ignorance fut que c’était pure¬

555 1119 1365 62 ment et simplement une race. Celte race n’était pas aussi homogène qu’on le

555 1166 1368 61 croyait, tant s’en faut, et la dernière parole de M. Urechia et d’un autre de nos

555 1213 1365 61 membres nous montrant les Tures trainant à leur suite, au Nord et au Midi,

555 1259 1368 65 tantôt en Turquie même, tantôt en remontant, selon les besoins de la poursuite

552 1306 1368 65 et de la conquête, des Moscovites, des Roumains ou des Grecs, nous montre

555 1344 1368 73 bien que ce n’était pas une race pure. Mais il y a une chose qui frappe, c'est

552 1400 892 64 ce fonctionnement commun de ravage, de pillage.

599 1447 1318 64 On n'appella pas ces peuples un État, parce qu’il n’y avait pas de territoire;

558 1502 1359 59 on ne les appela pas Etat, parce qu’on ne se rendait pas compte de leur orga¬

558 1549 1359 58 nisation intérieure; on ne les appela pas État, parce qu’ils n’avaient aucuns

552 1590 1365 61 rapports internationaux autres que le massacre et le vol, mais on les appela

552 1645 126 53 nation.

599 1686 1324 62 Et à peine les eut-on vus en fonctionnement qu’on les appela nation. Le

549 1730 1362 67 caractère de la nation, par conséquent, c’est d’être une masse d'hommes,

546 1777 1371 64 d’une certaine quantité d’hommes, avec un fonctionnement saisissable. Quant

546 1824 1368 64 à l’État, il implique précisément la constatation d’un certain organisme, d’un

546 1873 1374 59 certain développement régulier avec des fonctions intérieures déterminées et

552 1923 731 59 des relations extérieures reconnaissables.

593 1967 1324 61 L’idée de souveraineté ne s’attachant pas à l’idée de race et s’attachant mal

549 2017 1140 61 à l’idée de nation, elle s’attachera immédiatement à l’idée d’État.

590 2063 1330 59 Je ne veux pas pousser plus loin ce parallèle, ce serait avoir l’air de faire

546 2107 1374 62 une leçon sur un sujet qui est à l’étude. Je me borne à dire ceci: que je crois

546 2151 1368 64 bonne la rédaction de ceux qui ont posé la question ; je crois qu’il s’agit pure¬

546 2201 1368 64 ment et simplement de déterminer quelle est, dans le parler vulgaire, la valeur

552 2253 1128 62 de ces expressions, et je crois avoir commencé de le déterminer.

593 2318 816 64 M. LE PRÉSIDENT. La parole est à M. Schœbel.

590 2382 1333 70 M. SCHŒBEL. Je conteste l’assertion qui représente les animaux s’accroissant

543 2432 1383 67 de la même façon que les hommes, et leurs facultés se développant selon les

543 2478 1383 68 mêmes lois. Pour les animaux, les lois sont inflexibles et l’initiative individuelle

543 2525 1383 67 ne les modifie jamais : les bancs de mollusques des côtes du Groënland appa¬

543 2572 1377 70 raissent identiques aux groupes de la même espèce sur les côtes de l’Espagne.

546 2622 1377 61 Ce n’est qu’après un certain développement et des modifications qui ne sont¬

546 2666 1380 67 pas le fait de l’animal lui-même, mais qui l’atteignent sans qu’il s’en doute,

549 2721 1093 62 que les différences se manifestent. A la base, il y a uniformité.

593 2759 1336 73 En ce qui concerne le sens à donner aux mots nation et race, je pense que

961 3379 553 64 Droits reservés au Cnam et à ses partenaires
