2479 3508
1134 596 210 50 — 279 —

546 648 1380 65 de quatre tribus; toutes les généalogies des villes avaient un point de départ

549 701 196 59 semblable.

593 745 1330 61 A une époque encore très rapprochée de nous, la nation était considérée

549 795 1371 58 comme un rameau ethnique descendant en général d’un même père; cette

549 838 1371 62 croyance était fausse la plupart du temps et cette ethnologie devenait une véri¬

552 891 1362 64 table mythologie; elle s’est cependant perpétuée jusqu’à une époque très récente,

549 935 1371 61 je le répète, puisque vous voyez encore un certain nombre de nos grands his¬

549 985 1237 58 toriens français regardant les Francs comme les petits-fils de Francus.

593 1023 1321 70 Il faut tenir compte de ce fait que, tant que les races restent à l’état nomade,

552 1078 1368 59 il n’y a généralement pas de nation constituée, mais seulement des tribus

546 1122 1374 61 ethniques. Elles ne séjournent pas toutes au même endroit, mais elles sont

555 1172 1368 61 toutes à peu près de même race; elles ont, comme on l’atrès bien fait remar¬

549 1219 1371 61 quer, des traits communs, mais pas cette division de fonctions dont on parlait.

555 1268 1368 59 C’est là une théorie aussi vraie pour les sociétés que pour les groupes d’indi¬

552 1312 1213 59 vidus et qui est d’une grande utilité pour la philosophie de l’histoire.

593 1359 1330 61 Dans les tribus ethniques, il n’y a pas de différenciation entre les divers re¬

558 1409 1362 61 présentants de la nation. Mais lorsqu’on arrive, par la fédération des tribus,

555 1455 1365 65 par la fédération ethnique, à la constitution de la nation, alors on a non seu¬

555 1496 1365 67 lement une nation proprement dite, mais on pourrait presque dire un État,

552 1546 1368 70 parce qu’enfin on y trouve l’organisme, la conquête, la défense, l’action com¬

552 1596 1365 61 mune, etc... Et cependant, ce qui constitue la nation, c'est un fait tout

555 1645 1362 59 sociologique, économique; fait physique et fatal, consistant dans l’enracine¬

558 1689 1122 62 ment au sol des agriculteurs, dans le groupement géographique.

593 1736 1324 61 Les tribus fédérées ne deviennent nation que lorsque, par l’appropriation

552 1780 1362 61 du sol, la société s’enracine sur certaines de ses portions, et se crée par consé-

558 1832 1356 59 quent des frontières géographiques, parce qu’alors, sitôt enracinées, les tribus

552 1879 1368 59 deviennent propriétaires, et n’ont plus besoin d’aller çà et là, au loin, au gré

549 1920 1365 64 de la famille qui les pousse et les sollicite, cherchant de meilleurs pâturages

555 1973 1365 64 pour les troupeaux, ou des districts de chasse plus importants. Une fois qu’elles

549 2017 1368 64 sont enracinées, il faut qu’elles se défendent, il faut qu’elles deviennent mili¬

558 2066 1362 62 taires, et même souvent conquérantes, pour ne pas être conquises. Il leur faut

552 2113 1161 61 donc toute une organisation qui leur était inutile à l’état nomade.

599 2151 1327 67 Dans cet état, il’y a une sorte de nécessité politique et sociale à ce que le

555 2210 1120 58 domaine, le territoire de la nation, soit pour ainsi dire conquis.

599 2250 1321 65 Les tribus ethniques peuvent rester enclavées les unes dans les autres; il en

549 2300 1371 62 résulte parfois des guerres, mais elles conservent leur individualité sur leur

555 2350 178 61 territoire.

599 2394 1324 61 Dans un État d’agriculteurs, il faut qu’une certaine étendue du sol soit dé-

555 2435 1368 67 limitée par des frontières géographiques, c’est là une question de tactique mi¬

546 2481 1380 65 litaire; pour la même raison, il faut autant que possible que toutes les tribus

555 2540 1368 58 soient contiguës; alors la nation est constituée, elle est alors capable de prendre

549 2584 1371 58 ces grands développements que nous pouvons observer dans les civilisations su¬

546 2631 1380 64 périeures qui, de leur côté, une fois arrivées à ce développement social, se

558 2677 1368 59 différencient et peuvent renfermer des éléments ethniques très différents. Ces

558 2721 1368 64 éléments se divisent même de plus en plus, par l’effet de ce système de diffé-

958 3379 553 67 Droits resenés au Cham et à ses partenaires

561 2771 962 64 renciation que nous avons nommé économie politique.
