2479 3508
1122 575 216 68 — 275 —

543 646 1374 64 de cellules semblables. Nous cherchons s’il y a là des organes, des fonctions,

546 695 1368 65 différentes; pas le moins du monde. Tous ces individus, dis-je, se ressemblent,

546 742 1371 64 si bien qu’on peut couper cela en morceaux; ce qui restera pourra, en se mul-

546 795 518 61 tipliant, reformer un animal.

590 836 1333 64 De même, dans les tribus, il n’y a pas de fonctions sociales différentes, il

549 891 553 59 n’y a qu’une sorte de consensus.

590 935 1330 61 Dans la nation, au contraire, qui est un groupe, une société supérieure à

552 976 1365 67 la tribu, nous trouvons des fonctions différentes. Nous avons des individus

546 1026 1371 61 qui cultivent la terre, ce sont les agriculteurs; j’ajoute que l’agriculture est la

549 1072 1088 68 première fonction qui apparaît dans la formation des sociétés.

587 1137 1333 73 M. SCHŒBEL. Ce n’est pas l’agriculture, mais la chasse. Je demande la pa-

540 1154 126 114 57

540 1195 106 56 role.

590 1262 1333 62 M. le De Gaëtan DELAUNAY. C’est cette fonction qui fournit les éléments, la

543 1309 725 64 matière première nécessaire à la société.

590 1359 1330 58 Qu’arrive-t-il ensuite? Nous voyons apparaître une autre fonction dans la

552 1409 1368 58 nation; cette fonction, c’est l’industrie qui transforme la matière première en

546 1452 1210 68 produits assimilables et qui est analogue à la digestion des animaux.

596 1523 1327 61 M. LE PRÉSIDENT. Nous ne cherchons pas à indiquer les périodes succes-

552 1572 1327 59 sives de formation des races, des tribus, des nationalités. Nous cherchons

558 1575 1362 56 sives de formation des races, des tribus, des nationalités. Nous cherchons à

552 1619 1368 58 définir quelques termes sur lesquels il est indispensable de bien s’entendre

546 1663 1371 58 quand on traite de questions ethnographiques. Je vous prie de vouloir bien

552 1710 588 61 vous renfermer dans la question.

599 1777 1321 64 M. le De Gaëtan DELAUNAY. Je demanderai alors, pour terminer, de faire

555 1832 1365 59 observer ceci, pour montrer la distinction à établir entre race et société : c’est

558 1879 1365 59 qu’il y a des sociétés formées de plusieurs races, et non seulement parmi les

561 1917 602 70 hommes, mais parmi les animaux.

599 1973 1321 58 Si vous étudiez les sociétés de fourmis par exemple, vous voyez qu’il y a

552 2014 1368 61 des fourmis qui commandent, d’autres qui sont réduites en esclavage; ce sont

552 2066 1368 59 deux races différentes. La dernière est une race qui a été conquise et réduite.

552 2110 1371 62 en esclavage. Néanmoins tout cela forme une société, et il y a des fourmis

555 2157 634 67 qui remplissent des rôles différents.

605 2201 1318 67 Eh bien ! parmi nos sociétés humaines, je crois que la majorité est formée

558 2256 1365 59 de plusieurs races. Il est probable que les Mincopies, par exemple, dont

552 2303 1374 61 je vous parlais tout à l’heure, sont formés d’une même race. Dans les so-

558 2350 1368 58 ciétés, telles qu’elles sont organisées, les sociétés supérieures comme les

552 2391 1371 61 sociétés européennes, nous voyons des multitudes de races et de variétés.

558 2432 1371 70 Malgré cela, ces sociétés sont organisées; elles possèdent toutes les fonctions.

555 2487 640 59 dont je voulais parler tout à l’heure.

596 2531 1330 59 La distinction que je voulais établir entre la nation et l’État, c'est que la

561 2584 1362 58 nation est un groupe d’individus organisés en société. L’État, lui, représente

561 2631 1365 58 une fonction; il représente une fonction correspondant en biologie à l’inner-

561 2677 1365 59 vation; j’aurais désiré justement vous montrer en quelques mots ce parallèle

558 2718 1371 65 qui est étonnant, et sur lequel on a insisté depuis quelques années, entre les

555 2768 1374 64 sociétés et les êtres vivants. L’agriculture, qui fournit la matière première,

1718 2841 76 64 18.

961 3379 553 64 Droits reservés au Cnam et à ses partenaires.
