2479 3508
1122 575 1338 643 — 281 —
552 651 1920 716 nauté, à former une nationalité ayant des droits, et prenant elle-même son
546 701 812 760 titre ethnique.
590 742 1917 806 II est bon, en effet, de remarquer que, si des races arrivent à former une
552 798 1914 856 nation, il en résulte aussi que les races sont mélangées sur un même terri-
549 838 1914 900 toire, dans le même habitacle, dans la même patrie géographique; mais il y a
555 891 1917 950 des intérêts communs, et si on ne leur appliquait pas le système des castes
549 935 1914 996 qui permet de distinguer les éléments ethniques, constitutifs des races mixtes
552 985 1917 1046 par leur isolement et par la continuité de ce mélange, de ces intérêts qu’elles
552 1029 1806 1090 sont obligées de défendre, elles arriveraient à former un type ethnique.
593 1069 1917 1134 Nous savons certainement bien qu’il y a un tvpe de Français, un type d’An-
546 1122 1917 1189 glais, un type d’Allemand; ces types sont parfaitement distincts pour l’artiste
552 1175 1920 1230 et pour l’homme de science : c’est le type celtique, le type gallique. Il y a
552 1219 1917 1277 même peut-être entre ceux qui appartiennent au même type des différences
549 1259 1914 1324 plus grandes qu’on n’en trouverait en comparant ce type à un autre; ces diffé-
555 1312 1920 1371 rences tiennent surtout aux diverses habitudes sociales, à la langue, à la ma-
546 1353 1920 1414 nière générale de vivre, adoptée depuis longtemps, par une longue suite de
549 1400 774 1467 générations.
602 1449 1923 1514 Donc si une race forme des nations, il en résulte qu’au bout d’un certain
552 1499 1920 1558 temps les nations forment une race, lorsqu’elles sont arrivées à cette fusion
546 1543 1923 1604 d’intérêts, de types, de langues; lorsqu’elles sont arrivées à former ce qu’on
549 1593 1245 1660 peut appeler une nationalité anormale.
605 1634 1923 1701 Mais ce sont là des faits historiques; il est difficile de théoriser sur des phé-
552 1683 1926 1745 nomènes qui ne nous sont connus que par le développement de l’histoire et
555 1736 1634 1794 sur des distinctions qui ne nous offriront jamais aucune prise.
593 1777 1923 1841 J’ai certainement beaucoup applaudi aux patriotiques et philosophiques pa-
552 1824 1920 1885 roles prononcées par M. le Président et par M. le Secrétaire dans le cours de
549 1868 1926 1932 la précédente séance, mais il arrive souvent que les choses ne sont pas ce
552 1920 1818 1982 qu’elles devraient être; il est même très rare que ce qui devrait être soit.
596 1967 1929 2028 Ainsi on a déclaré, de la façon la plus généreuse du monde (il y a beau-
549 2017 1923 2075 coup de ces formules qui courent le monde), que le droit prime la force; assu-
549 2063 1923 2122 rément cela devrait être ainsi; mais enfin, dans la réalité des choses, c’est
555 2104 1926 2169 la force qui prime toujours le droit; ou du moins le droit ne prime la force
552 2157 1689 2218 que lorsqu’il a réussi à mettre une force plus grande de son côté.
599 2204 1923 2265 Arriver à mettre la force du côté du droit, c’est le rôle de l’intelligence;
555 2250 1923 2309 mais l’intelligence elle-même, qui est une force, n’est pas toujours domi-
555 2300 678 2356 nante.
605 2335 1926 2405 Il y a des forces de divers genres; il y a les forces physiques, les forces mo-
549 2388 1920 2455 rales, les forces intellectuelles, et le résultat de l’histoire n’est, en somme,
549 2435 1923 2496 que la résultante de toutes ces forces. Quant à la force physique, elle n’est pas
546 2484 1926 2540 annihilée; si vous pouvez donc lui opposer une force plus grande, c’est fort
546 2519 1923 2590 bien; alors mettez la force du côté du droit et le droit régnera; mais tant qu’il
552 2578 1561 2642 n’aura pas la force, le droit ne régnera pas! (Très bien!)
602 2619 1923 2683 Nous parlions tout à l’heure de nationalité, et je prononçais le mot de na-
546 2666 1923 2730 tionalité anormale, elle est formée d’éléments hétérogènes, œuvre de la résul-
546 2715 1923 2780 tante des forces; puis, au bout d’un certain temps, cette nationalité anormale,
546 2759 1926 2829 formée, comme je lai expliqué, d’éléments hétérogènes de peuples conquis,
967 3385 1511 3449 Droits resenvés au Cnam et à ses partenaires
