2479 3508
1137 575 1353 643 — 280 —
608 646 1932 713 M. LE PRÉSIDENT. Nous pourrons réunir les questions que vous venez de
564 704 1929 765 poser à celles inscrites au programme; mais nous ne devons pas en ce mo-
564 751 1929 809 ment élargir encore la question, et je viens vous supplier de vouloir bien vous
558 789 1929 856 renfermer strictement dans le cadre que nous nous sommes fixé. Vous vous
555 836 1926 900 êtes servie du terme de nation et nous sommes d’accord; si vous vous étiez
558 885 1932 947 servie du mot nationalité, nous ne le serions plus; race et nation, ce n’est
555 935 1926 1005 pas la même chose; nation et nationalité, ce n’est pas la même chose non plus.
602 976 1926 1040 Dans une discussion à laquelle vous-même avez pris part, dans une de nos
564 1029 1929 1093 dernières séances, on a reconnu la nécessité d’établir une distinction entre ces
561 1078 1464 1137 deux mots pour la discussion de notre programme.
602 1148 1929 1219 Mme Clémence ROYER. Je viens de voir sur le programme quelles sont à peu
561 1210 1929 1268 près les questions posées, et elles peuvent être parfaitement réunies; on peut
555 1245 1926 1312 les traiter à un point de vue ou à un autre. Maintenant, pour répondre à l’ob-
555 1297 1923 1359 servation que vous m’avez fait l’honneur de m’adresser, je vous dirai que je
552 1341 1920 1409 trouve cette distinction bien subtile. Que l’on distingue entre nation et état,
561 1397 1929 1455 cela est très important et je le conçois; entre nation et race, je le comprends
555 1444 1923 1502 encore; que l’on distingue entre nation et peuple, bien que ces deux expres-
558 1493 1923 1552 sions soient souvent employées l’une pour l’autre, je le comprends encore;
558 1540 1923 1596 mais distinguer entre nation et nationalité, cela, je le répète, me paraît bien
558 1587 1920 1648 subtil; il faudrait, selon moi, lorsqu’on veut exprimer une idée différente,
555 1628 1926 1686 créer des mots de racine différente, sans quoi nous serons exposés à faire ce
555 1675 1923 1733 que font les Allemands qui, ayant un mot qui signifie telle ou telle chose, en
555 1718 1923 1783 font un verbe d’où dérive un adjectif, puis un autre verbe qui sert à former
558 1774 1923 1830 un nouveau substantif, et ainsi de suite inventant toute une série de mots
555 1815 1923 1876 dérivés les uns des autres, puis les idées s’appliquant aux mots nouveaux, si
555 1853 1926 1923 bien qu’il en résulte un tel vague dans les discussions qu’il devient impossible
558 1911 1330 1973 d’y rien reconnaître. (Très bien ! très bien !)
605 1967 1929 2028 Nationalité vient de nation; laissons à ce mot le même sens; je ne vois au-
552 2011 1926 2075 cune différence entre eux; d’ailleurs, j’aime beaucoup la clarté et je crains par-
555 2063 1213 2122 dessus tout la confusion des langues.
599 2107 1923 2172 Dans l'intérêt même de la langue, laissons donc le même sens à ces deux
558 2151 1923 2215 mots, à cela près que nous garderons plus spécialement le mot nationalité
558 2207 1926 2271 pour les cas où il faudra déterminer des différences politiques, pour l’expres-
555 2253 1923 2312 sion: «le droit de nationalité» par exemple; mais enfin ne donnons pas à des
549 2294 1923 2359 mots identiques, de même racine, un sens différent, et si vous avez une autre
552 2341 1075 2405 idée, cherchez un autre mot!
590 2388 1917 2449 Je vous ai dit, pour ma part, quelle est l’idée que je me fais de la nation.
590 2435 1926 2496 Je sais qu’un certain nombre de races, de tribus, se sont réunies sous des
543 2481 1920 2546 frontières communes et que ces tribus, bien que différentes d’origine des races,
543 2528 1920 2592 se sont constituées sur les mêmes lieux et se sont formées par contiguité, parce
546 2575 1920 2639 qu’elles étaient obligées d’attaquer ou de défendre la même patrie géogra-
546 2625 1917 2689 phique; de ces individualités rapprochées est sortie une nation, et nous
543 2671 1917 2733 avons donc là un fait scientifique social; nous avons une nation qui n’est pas
543 2715 1914 2780 formée d’une race unique, mais de races différentes qui, habitant le même
543 2765 1917 2832 territoire, ont des intérêts communs pour arriver, par suite de cette commu-
967 3385 1511 3449 Droits resenvés eu Cnam et à ses partenaires
