<?xml version="1.0" encoding="UTF-8"  standalone="yes"?>
<PcGts xmlns="http://schema.primaresearch.org/PAGE/gts/pagecontent/2019-07-15" xmlns:xsi="http://www.w3.org/2001/XMLSchema-instance" xsi:schemaLocation="http://schema.primaresearch.org/PAGE/gts/pagecontent/2019-07-15 http://schema.primaresearch.org/PAGE/gts/pagecontent/2019-07-15/pagecontent.xsd">
  <Metadata>
	<Creator>escriptorium</Creator>
	<Created>2021-12-24T14:42:47.196479+00:00</Created>
        <LastChange>2021-12-24T14:42:47.196519+00:00</LastChange>

  </Metadata>
  <Page imageFilename="expouniv1878_desdifferences_wIkdfHn.pdf_page_4.png" imageWidth="2479" imageHeight="3508">

    
    <TextRegion id="eSc_textblock_83a0587a"  >
      <Coords points="1157,596 1353,596 1426,654 1938,678 1926,2265 1610,2326 1938,2408 1938,2826 619,2826 549,2780 549,2443 584,2394 549,2312 549,701 572,654 1049,654 1157,596"/>
      
      
      <TextLine id="eSc_line_d429d8a7" >
        <Coords points="1140,634 1131,596 1227,575 1227,575 1230,575 1230,575 1341,590 1347,628 1347,637 1140,643"/>
        <Baseline points="1140,634 1347,628"/>
        <TextEquiv>
          <Unicode>— 277 —</Unicode>
        </TextEquiv>
      </TextLine>

      
      
      <TextLine id="eSc_line_86913c82" >
        <Coords points="561,692 561,646 1929,654 1932,701 1926,713 555,710"/>
        <Baseline points="561,692 1932,701"/>
        <TextEquiv>
          <Unicode>au fond virtuellement; mais, transformées ou non transformées, elles se sont</Unicode>
        </TextEquiv>
      </TextLine>

      
      
      <TextLine id="eSc_line_fc2010eb" >
        <Coords points="561,745 561,701 1604,701 1604,745 1604,757 561,760"/>
        <Baseline points="561,745 1604,745"/>
        <TextEquiv>
          <Unicode>absorbées dans un individu collectif qu’on appelle la nation.</Unicode>
        </TextEquiv>
      </TextLine>

      
      
      <TextLine id="eSc_line_d70fd0fd" >
        <Coords points="605,786 605,739 1923,751 1926,792 1920,803 599,800"/>
        <Baseline points="605,786 1926,792"/>
        <TextEquiv>
          <Unicode>Eh bien! le mot race est un fait biologique. Quant à une nation, c’est un</Unicode>
        </TextEquiv>
      </TextLine>

      
      
      <TextLine id="eSc_line_1be589b3" >
        <Coords points="561,836 561,792 1923,798 1926,841 1920,853 555,847"/>
        <Baseline points="561,836 1926,841"/>
        <TextEquiv>
          <Unicode>assemblage d’hommes, de tribus, de race quelconque, homogène ou non ho-</Unicode>
        </TextEquiv>
      </TextLine>

      
      
      <TextLine id="eSc_line_a5c98268" >
        <Coords points="561,879 561,838 1923,847 1926,888 1920,900 555,897"/>
        <Baseline points="561,879 1926,888"/>
        <TextEquiv>
          <Unicode>mogène, mais que nous ne pouvons pas appeler simplenent une masse</Unicode>
        </TextEquiv>
      </TextLine>

      
      
      <TextLine id="eSc_line_b27060b1" >
        <Coords points="561,932 561,885 1409,891 1409,932 1409,950 561,950"/>
        <Baseline points="561,932 1409,932"/>
        <TextEquiv>
          <Unicode>fortuite quand nous y attachons l’idée de nation.</Unicode>
        </TextEquiv>
      </TextLine>

      
      
      <TextLine id="eSc_line_3ed00838" >
        <Coords points="605,973 605,929 1920,938 1923,982 1917,996 599,988"/>
        <Baseline points="605,973 1923,982"/>
        <TextEquiv>
          <Unicode>Lidée de nationalité implique une certaine histoire; elle implique un fonc-</Unicode>
        </TextEquiv>
      </TextLine>

      
      
      <TextLine id="eSc_line_92c3ca2b" >
        <Coords points="558,1020 558,976 882,982 885,1026 879,1040 552,1034"/>
        <Baseline points="558,1020 885,1026"/>
        <TextEquiv>
          <Unicode>tionnement actuel.</Unicode>
        </TextEquiv>
      </TextLine>

      
      
      <TextLine id="eSc_line_13710a9c" >
        <Coords points="605,1067 605,1023 1917,1031 1920,1075 1914,1087 599,1078"/>
        <Baseline points="605,1067 1920,1075"/>
        <TextEquiv>
          <Unicode>Quand les peuples qu’on appelait les Turcs, les Vandales ou les Huns dé-</Unicode>
        </TextEquiv>
      </TextLine>

      
      
      <TextLine id="eSc_line_7f40106d" >
        <Coords points="561,1119 561,1069 1935,1078 1935,1119 1935,1134 561,1137"/>
        <Baseline points="561,1119 1935,1119"/>
        <TextEquiv>
          <Unicode>bordèrent sur l’Europe, la première idée de l’ignorance fut que c’était pure-</Unicode>
        </TextEquiv>
      </TextLine>

      
      
      <TextLine id="eSc_line_e4a36c6c" >
        <Coords points="561,1163 561,1119 1917,1125 1920,1169 1914,1181 555,1178"/>
        <Baseline points="561,1163 1920,1169"/>
        <TextEquiv>
          <Unicode>ment et simplement une race. Celte race n’était pas aussi homogène qu’on le</Unicode>
        </TextEquiv>
      </TextLine>

      
      
      <TextLine id="eSc_line_4b996ef3" >
        <Coords points="561,1210 561,1166 1920,1172 1923,1216 1917,1227 555,1221"/>
        <Baseline points="561,1210 1923,1216"/>
        <TextEquiv>
          <Unicode>croyait, tant s’en faut, et la dernière parole de M. Urechia et d’un autre de nos</Unicode>
        </TextEquiv>
      </TextLine>

      
      
      <TextLine id="eSc_line_39cbd7b4" >
        <Coords points="561,1257 561,1213 1917,1219 1920,1262 1914,1274 555,1271"/>
        <Baseline points="561,1257 1920,1262"/>
        <TextEquiv>
          <Unicode>membres nous montrant les Tures trainant à leur suite, au Nord et au Midi,</Unicode>
        </TextEquiv>
      </TextLine>

      
      
      <TextLine id="eSc_line_4bd191f6" >
        <Coords points="561,1303 561,1259 1920,1265 1923,1309 1917,1324 555,1318"/>
        <Baseline points="561,1303 1923,1309"/>
        <TextEquiv>
          <Unicode>tantôt en Turquie même, tantôt en remontant, selon les besoins de la poursuite</Unicode>
        </TextEquiv>
      </TextLine>

      
      
      <TextLine id="eSc_line_b40b74a0" >
        <Coords points="558,1350 558,1306 1917,1315 1920,1359 1914,1371 552,1362"/>
        <Baseline points="558,1350 1920,1359"/>
        <TextEquiv>
          <Unicode>et de la conquête, des Moscovites, des Roumains ou des Grecs, nous montre</Unicode>
        </TextEquiv>
      </TextLine>

      
      
      <TextLine id="eSc_line_ba1f8b03" >
        <Coords points="561,1400 561,1344 1920,1365 1923,1409 1917,1417 555,1411"/>
        <Baseline points="561,1400 1923,1409"/>
        <TextEquiv>
          <Unicode>bien que ce n’était pas une race pure. Mais il y a une chose qui frappe, c&#39;est</Unicode>
        </TextEquiv>
      </TextLine>

      
      
      <TextLine id="eSc_line_cbd02252" >
        <Coords points="558,1444 558,1400 1441,1409 1444,1452 1438,1464 552,1455"/>
        <Baseline points="558,1444 1444,1452"/>
        <TextEquiv>
          <Unicode>ce fonctionnement commun de ravage, de pillage.</Unicode>
        </TextEquiv>
      </TextLine>

      
      
      <TextLine id="eSc_line_a84fdb84" >
        <Coords points="605,1493 605,1447 1914,1455 1917,1499 1911,1511 599,1505"/>
        <Baseline points="605,1493 1917,1499"/>
        <TextEquiv>
          <Unicode>On n&#39;appella pas ces peuples un État, parce qu’il n’y avait pas de territoire;</Unicode>
        </TextEquiv>
      </TextLine>

      
      
      <TextLine id="eSc_line_633a755f" >
        <Coords points="558,1543 558,1502 1917,1502 1917,1543 1917,1561 558,1561"/>
        <Baseline points="558,1543 1917,1543"/>
        <TextEquiv>
          <Unicode>on ne les appela pas Etat, parce qu’on ne se rendait pas compte de leur orga-</Unicode>
        </TextEquiv>
      </TextLine>

      
      
      <TextLine id="eSc_line_2c682bef" >
        <Coords points="558,1590 558,1549 1917,1549 1917,1590 1917,1607 558,1607"/>
        <Baseline points="558,1590 1917,1590"/>
        <TextEquiv>
          <Unicode>nisation intérieure; on ne les appela pas État, parce qu’ils n’avaient aucuns</Unicode>
        </TextEquiv>
      </TextLine>

      
      
      <TextLine id="eSc_line_dad1ed51" >
        <Coords points="558,1637 558,1590 1914,1596 1917,1642 1911,1651 552,1648"/>
        <Baseline points="558,1637 1917,1642"/>
        <TextEquiv>
          <Unicode>rapports internationaux autres que le massacre et le vol, mais on les appela</Unicode>
        </TextEquiv>
      </TextLine>

      
      
      <TextLine id="eSc_line_54153818" >
        <Coords points="552,1683 552,1645 678,1645 678,1683 678,1698 552,1698"/>
        <Baseline points="552,1683 678,1683"/>
        <TextEquiv>
          <Unicode>nation.</Unicode>
        </TextEquiv>
      </TextLine>

      
      
      <TextLine id="eSc_line_7235fb23" >
        <Coords points="599,1730 599,1686 1923,1689 1923,1730 1923,1748 599,1748"/>
        <Baseline points="599,1730 1923,1730"/>
        <TextEquiv>
          <Unicode>Et à peine les eut-on vus en fonctionnement qu’on les appela nation. Le</Unicode>
        </TextEquiv>
      </TextLine>

      
      
      <TextLine id="eSc_line_fcca2660" >
        <Coords points="555,1774 555,1730 1908,1739 1911,1783 1906,1797 549,1783"/>
        <Baseline points="555,1774 1911,1783"/>
        <TextEquiv>
          <Unicode>caractère de la nation, par conséquent, c’est d’être une masse d&#39;hommes,</Unicode>
        </TextEquiv>
      </TextLine>

      
      
      <TextLine id="eSc_line_2b94c502" >
        <Coords points="552,1821 552,1777 1914,1786 1917,1830 1911,1841 546,1832"/>
        <Baseline points="552,1821 1917,1830"/>
        <TextEquiv>
          <Unicode>d’une certaine quantité d’hommes, avec un fonctionnement saisissable. Quant</Unicode>
        </TextEquiv>
      </TextLine>

      
      
      <TextLine id="eSc_line_42335c1e" >
        <Coords points="552,1870 552,1824 1911,1830 1914,1876 1908,1888 546,1879"/>
        <Baseline points="552,1870 1914,1876"/>
        <TextEquiv>
          <Unicode>à l’État, il implique précisément la constatation d’un certain organisme, d’un</Unicode>
        </TextEquiv>
      </TextLine>

      
      
      <TextLine id="eSc_line_515fd031" >
        <Coords points="552,1920 552,1873 1917,1876 1920,1923 1914,1932 546,1929"/>
        <Baseline points="552,1920 1920,1923"/>
        <TextEquiv>
          <Unicode>certain développement régulier avec des fonctions intérieures déterminées et</Unicode>
        </TextEquiv>
      </TextLine>

      
      
      <TextLine id="eSc_line_aec271e0" >
        <Coords points="552,1967 552,1923 1283,1923 1283,1967 1283,1982 552,1982"/>
        <Baseline points="552,1967 1283,1967"/>
        <TextEquiv>
          <Unicode>des relations extérieures reconnaissables.</Unicode>
        </TextEquiv>
      </TextLine>

      
      
      <TextLine id="eSc_line_a71e4dc8" >
        <Coords points="596,2014 593,1970 1914,1967 1917,2014 1914,2028 593,2025"/>
        <Baseline points="596,2014 1917,2014"/>
        <TextEquiv>
          <Unicode>L’idée de souveraineté ne s’attachant pas à l’idée de race et s’attachant mal</Unicode>
        </TextEquiv>
      </TextLine>

      
      
      <TextLine id="eSc_line_66824c93" >
        <Coords points="549,2060 549,2017 1689,2017 1689,2060 1689,2078 549,2078"/>
        <Baseline points="549,2060 1689,2060"/>
        <TextEquiv>
          <Unicode>à l’idée de nation, elle s’attachera immédiatement à l’idée d’État.</Unicode>
        </TextEquiv>
      </TextLine>

      
      
      <TextLine id="eSc_line_806791f2" >
        <Coords points="596,2107 590,2069 1911,2063 1920,2101 1917,2119 596,2122"/>
        <Baseline points="596,2107 1920,2101"/>
        <TextEquiv>
          <Unicode>Je ne veux pas pousser plus loin ce parallèle, ce serait avoir l’air de faire</Unicode>
        </TextEquiv>
      </TextLine>

      
      
      <TextLine id="eSc_line_d4938f37" >
        <Coords points="552,2151 552,2107 1917,2113 1920,2157 1914,2169 546,2163"/>
        <Baseline points="552,2151 1920,2157"/>
        <TextEquiv>
          <Unicode>une leçon sur un sujet qui est à l’étude. Je me borne à dire ceci: que je crois</Unicode>
        </TextEquiv>
      </TextLine>

      
      
      <TextLine id="eSc_line_8c521593" >
        <Coords points="552,2198 552,2151 1911,2160 1914,2204 1908,2215 546,2210"/>
        <Baseline points="552,2198 1914,2204"/>
        <TextEquiv>
          <Unicode>bonne la rédaction de ceux qui ont posé la question ; je crois qu’il s’agit pure-</Unicode>
        </TextEquiv>
      </TextLine>

      
      
      <TextLine id="eSc_line_9dd5bd5a" >
        <Coords points="552,2248 552,2201 1911,2207 1914,2253 1908,2265 546,2259"/>
        <Baseline points="552,2248 1914,2253"/>
        <TextEquiv>
          <Unicode>ment et simplement de déterminer quelle est, dans le parler vulgaire, la valeur</Unicode>
        </TextEquiv>
      </TextLine>

      
      
      <TextLine id="eSc_line_79eb8a31" >
        <Coords points="552,2294 552,2253 1680,2253 1680,2294 1680,2315 552,2315"/>
        <Baseline points="552,2294 1680,2294"/>
        <TextEquiv>
          <Unicode>de ces expressions, et je crois avoir commencé de le déterminer.</Unicode>
        </TextEquiv>
      </TextLine>

      
      
      <TextLine id="eSc_line_5c65b7e3" >
        <Coords points="593,2364 593,2318 1409,2321 1409,2364 1409,2382 593,2382"/>
        <Baseline points="593,2364 1409,2364"/>
        <TextEquiv>
          <Unicode>M. LE PRÉSIDENT. La parole est à M. Schœbel.</Unicode>
        </TextEquiv>
      </TextLine>

      
      
      <TextLine id="eSc_line_c64e8ee2" >
        <Coords points="596,2432 596,2382 1920,2394 1923,2438 1917,2452 590,2446"/>
        <Baseline points="596,2432 1923,2438"/>
        <TextEquiv>
          <Unicode>M. SCHŒBEL. Je conteste l’assertion qui représente les animaux s’accroissant</Unicode>
        </TextEquiv>
      </TextLine>

      
      
      <TextLine id="eSc_line_975f0eaf" >
        <Coords points="549,2476 549,2432 1926,2443 1926,2487 1920,2499 543,2487"/>
        <Baseline points="549,2476 1926,2487"/>
        <TextEquiv>
          <Unicode>de la même façon que les hommes, et leurs facultés se développant selon les</Unicode>
        </TextEquiv>
      </TextLine>

      
      
      <TextLine id="eSc_line_e52ee382" >
        <Coords points="549,2522 549,2478 1923,2490 1926,2534 1920,2546 543,2534"/>
        <Baseline points="549,2522 1926,2534"/>
        <TextEquiv>
          <Unicode>mêmes lois. Pour les animaux, les lois sont inflexibles et l’initiative individuelle</Unicode>
        </TextEquiv>
      </TextLine>

      
      
      <TextLine id="eSc_line_a8beac17" >
        <Coords points="549,2569 549,2525 1923,2537 1926,2581 1920,2592 543,2584"/>
        <Baseline points="549,2569 1926,2581"/>
        <TextEquiv>
          <Unicode>ne les modifie jamais : les bancs de mollusques des côtes du Groënland appa-</Unicode>
        </TextEquiv>
      </TextLine>

      
      
      <TextLine id="eSc_line_444b0963" >
        <Coords points="549,2616 549,2572 1917,2587 1920,2631 1914,2642 543,2628"/>
        <Baseline points="549,2616 1920,2631"/>
        <TextEquiv>
          <Unicode>raissent identiques aux groupes de la même espèce sur les côtes de l’Espagne.</Unicode>
        </TextEquiv>
      </TextLine>

      
      
      <TextLine id="eSc_line_1e9df1a8" >
        <Coords points="552,2663 552,2622 1920,2631 1923,2671 1917,2683 546,2674"/>
        <Baseline points="552,2663 1923,2671"/>
        <TextEquiv>
          <Unicode>Ce n’est qu’après un certain développement et des modifications qui ne sont-</Unicode>
        </TextEquiv>
      </TextLine>

      
      
      <TextLine id="eSc_line_9df2827a" >
        <Coords points="552,2709 552,2666 1923,2680 1926,2724 1920,2733 546,2727"/>
        <Baseline points="552,2709 1926,2724"/>
        <TextEquiv>
          <Unicode>pas le fait de l’animal lui-même, mais qui l’atteignent sans qu’il s’en doute,</Unicode>
        </TextEquiv>
      </TextLine>

      
      
      <TextLine id="eSc_line_31f8ef5b" >
        <Coords points="552,2762 552,2721 1642,2721 1642,2762 1639,2783 549,2777"/>
        <Baseline points="552,2762 1642,2762"/>
        <TextEquiv>
          <Unicode>que les différences se manifestent. A la base, il y a uniformité.</Unicode>
        </TextEquiv>
      </TextLine>

      
      
      <TextLine id="eSc_line_1b6a85ff" >
        <Coords points="599,2803 599,2759 1926,2771 1929,2815 1923,2832 593,2821"/>
        <Baseline points="599,2803 1929,2815"/>
        <TextEquiv>
          <Unicode>En ce qui concerne le sens à donner aux mots nation et race, je pense que</Unicode>
        </TextEquiv>
      </TextLine>

      
    </TextRegion>
    
    <TextRegion id="eSc_textblock_7bbeb491"  >
      <Coords points="970,3391 1493,3391 1517,3434 970,3434 970,3391"/>
      
      
      <TextLine id="eSc_line_0d53f13f" >
        <Coords points="967,3423 967,3379 1511,3385 1514,3429 1508,3443 961,3440"/>
        <Baseline points="967,3423 1514,3429"/>
        <TextEquiv>
          <Unicode>Droits reservés au Cnam et à ses partenaires</Unicode>
        </TextEquiv>
      </TextLine>

      
    </TextRegion>
    

    
  </Page>
</PcGts>
