2479 3508
1125 572 219 68 — 283 —

555 648 1368 62 races. Cependant il peut être utile de savoir à quoi s’en tenir sur les termes

555 701 1368 56 employés par cette langue, et si vous ne trouvez pas que ce soit un hors-

555 748 751 55 d'œuvre, je vous le dirai. (Parlez, parlez !)

602 783 1318 67 Il n'y a pas de nuages dans l’allemand; aussi précis que le français peut

555 833 1362 67 l'être, dans les questions scientifiques, il suit la même marche, obéit aux

558 888 1359 59 mêmes lois et remplace un terme défini par un terme équivalent. Dans le lan-

552 923 1362 76 gage de la science, le génie de l’homme qui a une idée spéciale ou déterminée

552 976 1365 61 pour la première fois crée le terme correspondant; les nations voisines, en

552 1023 1365 61 adoptant l’idée, adoptent aussi le terme. En général, c’est le latin qui a com-

555 1075 1359 59 mencé, parce qu’il était la langue savante du moyen âge et qu’il est resté la

555 1116 1362 65 langue commune des temps modernes, pour les peuples parlant des idiomes

558 1169 1365 58 différents; et l’on peut dire qu’en se modelant sur le latin, les divers idiomes

555 1210 1368 64 ont suivi des voies parallèles et concordantes. L’allemand n’est pas resté en

552 1259 322 59 arrière des autres.

599 1297 1324 65 Il est vrai que l’allemand est une langue poétique : souvent celui qui parle

558 1356 1365 58 est entraîné en dehors des lois de la stricte logique et même au delà de sa

552 1397 1374 64 propre pensée, de son intention primordiale. Ceux qui connaissent la langue

552 1447 1371 58 ne s’y trompent point; ils émondent la végétation luxuriante de l’expression,

552 1493 1374 62 et retrouvent alors la réalité toute nue, la réalité vivante. Le tout est de pos-

552 1537 570 64 séder le sentiment de la langue.

590 1613 1333 62 M. Léon DE ROSNY. Il ne m’appartient pas de critiquer l’opinion émise par

546 1657 1377 64 M. Schœbel, au sujet de la langue allemande, qu’il possède d’une façon si

552 1715 1374 59 supérieure. Cependant j’espère qu’il approuvera l'observation que j’ai à vous

552 1762 1371 59 adresser. L’allemand est une langue polysynthétique, donnant à ceux qui l’em-

549 1803 1374 65 ploient la faculté de renfermer une idée plus ou moins complexe dans un mot

546 1850 1371 64 composé d’éléments divers. De la sorte, on renonce à l’emploi des prépositions,

552 1903 1371 58 des conjonctions et autres particules qui contribuent si puissamment à la clarté

546 1944 1377 61 du discours. La pensée prend alors une teinte vague qui n’est peut-être pas de

546 1984 1377 68 l’obscurité, mais qui paraît telle à ceux qu’une longue habitude n’a pas fami-

552 2037 897 67 liarisés avec cet idiome incontestablement difficile.

599 2110 1093 67 UN MEMBRE. Nous ne sommes plus dans la question des races.

590 2186 1336 64 M. CASTAING. Il est vrai que nous sortons de la question de race, mais nous

546 2236 1067 61 rentrons sur le terrain ethnographique, et cela vaut mieux.

596 2306 1260 67 UN MEMBRE. Les races sont la question ethnographique par excellence.

587 2379 506 61 PLUSIEURS VOIX. Non! non!

593 2443 1333 68 M. CASTAING. Que voulions-nous au début de cette discussion? Que l’on

546 2496 1383 67 éclairât la première question de la troisième Section du questionnaire, ainsi

546 2549 1272 58 conçue : «Des différences qui existent entre la race, la nation et l’État.»

596 2590 1330 61 Au premier abord, on pourrait avoir compris qu’il s’agissait d’une défi-

546 2639 1380 62 nition; mais, en vérité, on nous a donné bien autre chose. Je demande qu’on

552 2692 953 58 rentre dans la définition des termes ethnographiques.

590 2753 1333 73 M. l’abbé DE MEÏSSAS. J'ai déjà donné mon sentiment sur la signification

967 3385 547 64 Droits reservés eu Cnam et à ses partenaires
