2479 3508
1128 572 219 68 — 282 —

561 648 1368 62 est arrivée, par la fusion réciproque de ses éléments, à former une nationalité

561 698 1283 62 compacte; tout le développement de l’histoire est là. (Applaudissements.)

605 742 1318 61 La nation, pour être une nation, doit avoir des frontières géographiques

561 795 1362 58 et, pour être une grande nation, y être contiguë pour des raisons de tactique

555 836 1368 61 militaire. Elle doit avoir une langue commune, unique, pour que ses membres

561 888 1365 62 puissent s’entendre entre eux; ce qui n’empêche pas, la plupart du temps, ses

561 935 1365 58 éléments ethniques de conserver, en dehors de la langue officielle, adminis-

555 976 1368 61 trative, des dialectes particuliers, tout en restant parfaitement normale; les

561 1023 1362 64 intérêts communs pouvant toujours être débattus et compris par le consensus

561 1075 1365 59 des habitants du pays. La Suisse possède par exemple trois dialectes, même

555 1122 1368 59 trois langues différentes, et cependant personne ne songera à lui contester le

561 1169 1365 61 droit de former une nationalité parfaitement une. (Très bien! et applaudisse-

558 1210 775 70 ments. — Dénégations sur quelques bancs.)

605 1262 1321 62 Qu’est-ce que serait l’État sans la nation? D’après ce que disait M. Madier

558 1312 1368 59 de Montjau, on serait tenté de croire que l’État commence là où commence

558 1350 1368 67 la nation, avec la géographie; vous composerez donc l’État avec le domaine

561 1403 1365 61 territorial? Je crois, pour ma part, que l’État est autre chose. L’ État c’est

555 1447 1371 64 le Gouvernement! C’est l’exercice de la souveraineté! Il est souvent imposé

558 1499 1368 64 par la conquête, par la force; il est alors subi comme toute expression de la

552 1546 1374 58 force. D’autres fois, au contraire, il est établi par le consentement de la na-

558 1593 1371 61 tion; il est alors l’expression du sentiment, du génie national, il est vraiment

555 1634 1371 67 l’État par conséquent; il s’appelle monarchie, république, aristocratie, démo-

555 1689 1368 59 cratie, etc., suivant les différentes formes données à ce gouvernement du pays,

549 1733 1371 67 par l’esprit public qui lui imprime un caractère spécial. On a dit, l’autre jour,

555 1783 1371 58 que le système des castes dans l’Inde ne constituait pas, pour un pays, une

543 1824 1380 64 nationalité durable; l’Inde a cependant duré très longtemps! L’Inde théocra-

546 1873 1377 62 tique, avec des éléments très différents, subordonnés les uns aux autres, l’Inde

546 1920 1377 62 des castes, en un mot, a duré au moins mille neuf cents ans avant notre ère,

546 1970 845 58 et n’a disparu que devant la conquête mongole.

596 2049 1333 61 UN MEMBRE. Nous ne savons ce qui se passait dans l’Inde avant les Mongols.

599 2110 1324 73 Mme Clémence ROYER. Voilà donc une durée très considérable pour une na-

552 2172 1368 61 tion formée d’éléments différents, où on parlait des langues différentes, non

546 2215 1374 62 seulement la langue primitive, différente d’origine avec la langue de l’époque

546 2262 1374 64 postérieure, mais encore la langue importée par la conquête, c’est-à-dire le

546 2312 1368 64 sanscrit, plus un nombre très considérable de dérivés et de dialectes; voilà

546 2353 1377 70 donc une nationalité qui a été formée de dialectes divers, et qui, elle-même, en

552 2408 301 59 a formé d’autres.

590 2449 1333 62 Pour résumer, je dirai donc : la tribu est un fait biologique; la nation est un

546 2496 1374 64 fait sociologique donné par l’histoire, et qui ne prend naissance qu’avec le

543 2546 1374 61 fait géographique de l’appropriation d’un territoire; l’État n’est que la consti-

543 2592 1377 62 tution d’un pouvoir souverain, qu’il soit implanté par la conquête ou qu’il soit

546 2636 1365 76 issu spontanément du consentement, du génie populaire. (Applaudissements.)

590 2715 1330 65 M. SCHŒBEL. Je ne saurais admettre l’appréciation qu’on a faite de l’alle-

549 2774 1371 61 mand et qui est venue se glisser incidemment au milieu d’une question de

958 3379 553 67 Droits reservés au Cnam et à ses partenaires
