2479 3508
1122 575 1344 640 — 274 —
593 640 1914 713 1M. EE Paésipeyr. En conséquence, la parole est à M. le De Gaëtan Delaunay,
543 695 1534 760 1qui est inscrit le premier pour parler sur cette question.
885 815 1596 882 DES DIFFÉRENCES QUI EXISTENT
584 891 1882 958 ENTRE LA RACE, LE PEUPLE, LA NATION, LA NATIONALITÉ ET L'ÉTAT.
590 964 1920 1031 M. le Dr Gaëtan Delaunay. Selon moi, Messieurs, la race est biologique; la
543 1017 1154 1078 nation et l’État sont sociologiques.
596 1064 1920 1128 Il y a lieu d’établir une distinction entre les mots race et société. Nous voyons
543 1113 1917 1175 des races dans les règnes végétal et animal. Il y a de nombreuses espèces et de
543 1163 1920 1221 nombreuses races de plantes et d’animaux; mais certaines de ces plantes, cer-
549 1213 1920 1271 tains de ces animaux seulement vivent en société; car, si nous nous occupons
549 1259 1920 1318 des sociétés humaines spécialement, il n’en est pas moins vrai qu’au point de
546 1300 1920 1362 vue de l’histoire naturelle, dont parlait M. Madier de Montjau, il existe, dans
549 1341 1920 1409 le règne animal et dans le règne végétal, des sociétés dont l’étude est très
543 1394 1923 1458 intéressante et devrait, selon moi, former la base de l’étude des sociétés
543 1444 742 1502 humaines.
590 1487 1920 1549 Les hommes vivent en société, je le veux bien, mais si je vous disais qu’il
546 1534 1914 1601 y a beaucoup plus de plantes et d’animaux vivant en société que d’hommes,
549 1584 1923 1642 vous comprendriez que cette étude de la sociologie végétale et animale devrait
546 1634 1239 1698 précéder l’étude des sociétés humaines.
593 1675 1926 1739 Quant à présent, j’insiste sur cette distinction qu’il y a lieu d’établir entre
552 1724 964 1786 les races et les sociétés.
590 1771 1926 1832 Il y a des animaux, des végétaux qui vivent individuellement en dehors de
549 1824 780 1879 tout groupe.
590 1865 1929 1926 Certains de ces êtres, au contraire, sont groupés, forment des sociétés, et
546 1911 1923 1976 alors nous nous trouvons en présence d’une étude nouvelle, celle qui s’applique
546 1955 1926 2025 à ces groupes d’êtres organisés, qu’il s’agisse de végétaux ou qu’il s’agisse d’a-
546 2011 698 2072 nimaux.
590 2052 1926 2116 Mais l’étude la plus intéressante pour nous est évidemment celle qui s’oc-
540 2098 1061 2163 cupe des groupes d’hommes.
590 2148 1926 2210 Eh bien! parmi ces groupes, je crois qu’il y en a d’autres que la nation et
543 2189 1920 2256 l'État, je crois qu’il y en a qui passent avant eux, qui en sont la base et qui
546 2242 1923 2306 sont compris dans ceux-là. Ainsi, quand les êtres se groupent, c’est d’abord
546 2286 1926 2356 pour former la famille; la famille est le premier groupe qu’on rencontre,
546 2335 1151 2400 c’est la base de toutes les sociétés.
593 2376 1926 2446 Les familles se groupent ensuite pour former ce qu’on appelle la gens, la
546 2432 1926 2493 maison, et ces maisons se groupent elles-mêmes pour former une tribu; ces
549 2476 1926 2540 tribus, lorsqu’elles viennent à se grouper, à s’associer entre elles, forment ce
558 2531 1926 2590 qu’on appelle la nation. Cette nation est plus ou moins importante; elle com-
555 2569 1929 2639 prend tantôt des milliers, tantôt des millions d’individus; je tenais à bien
552 2622 1268 2680 marquer les termes de ces groupements.
602 2669 1236 2730 Considérons les sociétés inférieures.
599 2712 1926 2777 La tribu des Mincopies est formée d’environ 80 pérsonnes. Eh bien! tous
552 2759 1926 2829 ces individus se ressemblent; de même les animaux inférieurs sont composés
961 3379 1514 3443 Drois reservés au Cnam et à ses partenaires.
