2479 3508
1134 596 1344 646 — 279 —
546 648 1926 713 de quatre tribus; toutes les généalogies des villes avaient un point de départ
549 701 745 760 semblable.
593 745 1923 806 A une époque encore très rapprochée de nous, la nation était considérée
549 795 1920 853 comme un rameau ethnique descendant en général d’un même père; cette
549 838 1920 900 croyance était fausse la plupart du temps et cette ethnologie devenait une véri-
552 891 1914 955 table mythologie; elle s’est cependant perpétuée jusqu’à une époque très récente,
549 935 1920 996 je le répète, puisque vous voyez encore un certain nombre de nos grands his-
549 985 1786 1043 toriens français regardant les Francs comme les petits-fils de Francus.
593 1023 1914 1093 Il faut tenir compte de ce fait que, tant que les races restent à l’état nomade,
552 1078 1920 1137 il n’y a généralement pas de nation constituée, mais seulement des tribus
546 1122 1920 1183 ethniques. Elles ne séjournent pas toutes au même endroit, mais elles sont
555 1172 1923 1233 toutes à peu près de même race; elles ont, comme on l’atrès bien fait remar-
549 1219 1920 1280 quer, des traits communs, mais pas cette division de fonctions dont on parlait.
555 1268 1923 1327 C’est là une théorie aussi vraie pour les sociétés que pour les groupes d’indi-
552 1312 1765 1371 vidus et qui est d’une grande utilité pour la philosophie de l’histoire.
593 1359 1923 1420 Dans les tribus ethniques, il n’y a pas de différenciation entre les divers re-
558 1409 1920 1470 présentants de la nation. Mais lorsqu’on arrive, par la fédération des tribus,
555 1455 1920 1520 par la fédération ethnique, à la constitution de la nation, alors on a non seu-
555 1496 1920 1563 lement une nation proprement dite, mais on pourrait presque dire un État,
552 1546 1920 1616 parce qu’enfin on y trouve l’organisme, la conquête, la défense, l’action com-
552 1596 1917 1657 mune, etc... Et cependant, ce qui constitue la nation, c'est un fait tout
555 1645 1917 1704 sociologique, économique; fait physique et fatal, consistant dans l’enracine-
558 1689 1680 1751 ment au sol des agriculteurs, dans le groupement géographique.
593 1736 1917 1797 Les tribus fédérées ne deviennent nation que lorsque, par l’appropriation
552 1780 1914 1841 du sol, la société s’enracine sur certaines de ses portions, et se crée par consé-
558 1832 1914 1891 quent des frontières géographiques, parce qu’alors, sitôt enracinées, les tribus
552 1879 1920 1938 deviennent propriétaires, et n’ont plus besoin d’aller çà et là, au loin, au gré
549 1920 1914 1984 de la famille qui les pousse et les sollicite, cherchant de meilleurs pâturages
555 1973 1920 2037 pour les troupeaux, ou des districts de chasse plus importants. Une fois qu’elles
549 2017 1917 2081 sont enracinées, il faut qu’elles se défendent, il faut qu’elles deviennent mili-
558 2066 1920 2128 taires, et même souvent conquérantes, pour ne pas être conquises. Il leur faut
552 2113 1713 2174 donc toute une organisation qui leur était inutile à l’état nomade.
599 2151 1926 2218 Dans cet état, il’y a une sorte de nécessité politique et sociale à ce que le
555 2210 1675 2268 domaine, le territoire de la nation, soit pour ainsi dire conquis.
599 2250 1920 2315 Les tribus ethniques peuvent rester enclavées les unes dans les autres; il en
549 2300 1920 2362 résulte parfois des guerres, mais elles conservent leur individualité sur leur
555 2350 733 2411 territoire.
599 2394 1923 2455 Dans un État d’agriculteurs, il faut qu’une certaine étendue du sol soit dé-
555 2435 1923 2502 limitée par des frontières géographiques, c’est là une question de tactique mi-
546 2481 1926 2546 litaire; pour la même raison, il faut autant que possible que toutes les tribus
555 2540 1923 2598 soient contiguës; alors la nation est constituée, elle est alors capable de prendre
549 2584 1920 2642 ces grands développements que nous pouvons observer dans les civilisations su-
546 2631 1926 2695 périeures qui, de leur côté, une fois arrivées à ce développement social, se
558 2677 1926 2736 différencient et peuvent renfermer des éléments ethniques très différents. Ces
558 2721 1926 2785 éléments se divisent même de plus en plus, par l’effet de ce système de diffé-
958 3379 1511 3446 Droits resenés au Cham et à ses partenaires
561 2771 1523 2835 renciation que nous avons nommé économie politique.
