2479 3508
1128 575 219 65 — 276 —

561 651 1359 65 n’est pas autre chose, au point de vue abstrait, au point de vue de la fonction,

564 695 1356 65 — je ne parle pas au point de vue de l’organe, — que l’alimentation qui

549 742 708 67 fournit la matière première à l’animal.

596 818 1076 64 M. LE PRÉSIDENT. Nous sortons tout à fait de l'ordre du jour.

605 885 1318 70 M. le De Gaëtan DELAUNAY. Je voulais montrer le rôle joué par l’État, et je

561 947 1362 58 ne vous demande que quelques instants pour terminer. L’industrie, qui trans-

561 988 1359 64 forme cette matière première, n’est pas autre chose que l’appareil digestif qui

561 1037 1359 62 transforme la matière fournie par l’alimentation en produits assimilables. Le

555 1084 1362 61 commerce, qui fait circuler partout, qui met à la portée de tous les individus

558 1137 1365 55 cette matière transformée, n’est pas autre chose que la circulation qui existe

552 1175 1371 64 chez tous les animaux et qui met les liquides nutritifs à la portée de tous les

552 1227 403 59 éléments anatomiques.

602 1265 1318 68 Enfin l’État, comme je vous le disais, n’est pas autre chose que l’innerva-

552 1321 1365 64 tion, que le système nerveux. Je ne veux pas pousser plus loin le parallèle,

558 1371 1365 58 mais je serais heureux, si l’on pouvait m’accorder du temps, de montrer que

558 1409 1365 67 les lois de l’organisation sont exactement les mêmes en sociologie qu’en bio-

549 1461 117 62 logie.

602 1531 602 68 M. MADIER DE MONTJAU. D’accord.

599 1601 1330 68 M. LE PRÉSIDENT. La parole est à M. Madier de Montjau pour une obser-

552 1657 134 58 vation.

599 1730 1327 64 M. Mabier de Monrrav. Je suis, je pourrais dire nous sommes tous d’accord

546 1777 1377 61 1à reconnaître les dernières paroles de M. le Dr Gaëtan Delaunay comme

555 1830 1368 58 vraies. Je me confesse incapable d’exprimer les mêmes idées aussi scientifi-

552 1873 1374 62 quement au point de vue biologique, mais je sens clairement la justesse de ce

546 1920 181 70 parallèle.

599 1970 1324 61 Qu’un individu soit simple ou collectif, il a un fonctionnement qui, si on

555 2011 1362 67 l’étudie, repose sur des nécessités, sur des forces et sur des moyens profon-

561 2066 1365 59 dément identiques au fond, quoique dissemblables dans la forme et dans les

555 2110 222 67 proportions.

593 2160 1327 58 Mais la question est simplement celle-ci: c'est de se rendre clairement

552 2201 1374 61 compte, pour la facilité des discussions ultérieures, de la valeur de ces mots :

555 2253 371 56 race, nation et État.

599 2294 1321 65 Eh bien! un individu collectif, quelle que soit sa magnitude, et un individu

555 2347 1365 58 simple, quelles que soient sa petitesse et l’imperfection du développement de

555 2388 1365 64 cette individualité, sont des choses identiques au fond. Nous sommes donc

552 2440 1362 65 obligés de bien nous fixer sur la valeur de ces mots : race, tribu, nation, État.

558 2487 1362 62 J’essayerai de le faire en montrant surtout qu’il y a des races qui ne constituent

558 2534 1365 64 pas des nations; il y a des races qui en constituent une seule, il y a des races

552 2581 512 64 qui en constituent plusieurs.

596 2631 1324 58 (Les Slaves sont une race. Celle race constitue un très grand nombre de

552 2680 1374 59 nations qu’il faut être un panslaviste enragé pour vouloir confondre a priori

546 2724 257 59 et a posteriori)

596 2768 1333 70 Des races complètement différentes se sont fondues en France et y subsistent

967 3385 547 64 Droits reservés au Cnam et à ses partenaires
