2479 3508
1128 575 1347 640 — 276 —
561 651 1920 716 n’est pas autre chose, au point de vue abstrait, au point de vue de la fonction,
564 695 1920 760 — je ne parle pas au point de vue de l’organe, — que l’alimentation qui
549 742 1257 809 fournit la matière première à l’animal.
596 818 1672 882 M. LE PRÉSIDENT. Nous sortons tout à fait de l'ordre du jour.
605 885 1923 955 M. le De Gaëtan DELAUNAY. Je voulais montrer le rôle joué par l’État, et je
561 947 1923 1005 ne vous demande que quelques instants pour terminer. L’industrie, qui trans-
561 988 1920 1052 forme cette matière première, n’est pas autre chose que l’appareil digestif qui
561 1037 1920 1099 transforme la matière fournie par l’alimentation en produits assimilables. Le
555 1084 1917 1145 commerce, qui fait circuler partout, qui met à la portée de tous les individus
558 1137 1923 1192 cette matière transformée, n’est pas autre chose que la circulation qui existe
552 1175 1923 1239 chez tous les animaux et qui met les liquides nutritifs à la portée de tous les
552 1227 955 1286 éléments anatomiques.
602 1265 1920 1333 Enfin l’État, comme je vous le disais, n’est pas autre chose que l’innerva-
552 1321 1917 1385 tion, que le système nerveux. Je ne veux pas pousser plus loin le parallèle,
558 1371 1923 1429 mais je serais heureux, si l’on pouvait m’accorder du temps, de montrer que
558 1409 1923 1476 les lois de l’organisation sont exactement les mêmes en sociologie qu’en bio-
549 1461 666 1523 logie.
602 1531 1204 1599 M. MADIER DE MONTJAU. D’accord.
599 1601 1929 1669 M. LE PRÉSIDENT. La parole est à M. Madier de Montjau pour une obser-
552 1657 686 1715 vation.
599 1730 1926 1794 M. Mabier de Monrrav. Je suis, je pourrais dire nous sommes tous d’accord
546 1777 1923 1838 1à reconnaître les dernières paroles de M. le Dr Gaëtan Delaunay comme
555 1830 1923 1888 vraies. Je me confesse incapable d’exprimer les mêmes idées aussi scientifi-
552 1873 1926 1935 quement au point de vue biologique, mais je sens clairement la justesse de ce
546 1920 727 1990 parallèle.
599 1970 1923 2031 Qu’un individu soit simple ou collectif, il a un fonctionnement qui, si on
555 2011 1917 2078 l’étudie, repose sur des nécessités, sur des forces et sur des moyens profon-
561 2066 1926 2125 dément identiques au fond, quoique dissemblables dans la forme et dans les
555 2110 777 2177 proportions.
593 2160 1920 2218 Mais la question est simplement celle-ci: c'est de se rendre clairement
552 2201 1926 2262 compte, pour la facilité des discussions ultérieures, de la valeur de ces mots :
555 2253 926 2309 race, nation et État.
599 2294 1920 2359 Eh bien! un individu collectif, quelle que soit sa magnitude, et un individu
555 2347 1920 2405 simple, quelles que soient sa petitesse et l’imperfection du développement de
555 2388 1920 2452 cette individualité, sont des choses identiques au fond. Nous sommes donc
552 2440 1914 2505 obligés de bien nous fixer sur la valeur de ces mots : race, tribu, nation, État.
558 2487 1920 2549 J’essayerai de le faire en montrant surtout qu’il y a des races qui ne constituent
558 2534 1923 2598 pas des nations; il y a des races qui en constituent une seule, il y a des races
552 2581 1064 2645 qui en constituent plusieurs.
596 2631 1920 2689 (Les Slaves sont une race. Celle race constitue un très grand nombre de
552 2680 1926 2739 nations qu’il faut être un panslaviste enragé pour vouloir confondre a priori
546 2724 803 2783 et a posteriori)
596 2768 1929 2838 Des races complètement différentes se sont fondues en France et y subsistent
967 3385 1514 3449 Droits reservés au Cnam et à ses partenaires
