2479 3508
1125 572 1344 640 — 283 —
555 648 1923 710 races. Cependant il peut être utile de savoir à quoi s’en tenir sur les termes
555 701 1923 757 employés par cette langue, et si vous ne trouvez pas que ce soit un hors-
555 748 1306 803 d'œuvre, je vous le dirai. (Parlez, parlez !)
602 783 1920 850 Il n'y a pas de nuages dans l’allemand; aussi précis que le français peut
555 833 1917 900 l'être, dans les questions scientifiques, il suit la même marche, obéit aux
558 888 1917 947 mêmes lois et remplace un terme défini par un terme équivalent. Dans le lan-
552 923 1914 999 gage de la science, le génie de l’homme qui a une idée spéciale ou déterminée
552 976 1917 1037 pour la première fois crée le terme correspondant; les nations voisines, en
552 1023 1917 1084 adoptant l’idée, adoptent aussi le terme. En général, c’est le latin qui a com-
555 1075 1914 1134 mencé, parce qu’il était la langue savante du moyen âge et qu’il est resté la
555 1116 1917 1181 langue commune des temps modernes, pour les peuples parlant des idiomes
558 1169 1923 1227 différents; et l’on peut dire qu’en se modelant sur le latin, les divers idiomes
555 1210 1923 1274 ont suivi des voies parallèles et concordantes. L’allemand n’est pas resté en
552 1259 874 1318 arrière des autres.
599 1297 1923 1362 Il est vrai que l’allemand est une langue poétique : souvent celui qui parle
558 1356 1923 1414 est entraîné en dehors des lois de la stricte logique et même au delà de sa
552 1397 1926 1461 propre pensée, de son intention primordiale. Ceux qui connaissent la langue
552 1447 1923 1505 ne s’y trompent point; ils émondent la végétation luxuriante de l’expression,
552 1493 1926 1555 et retrouvent alors la réalité toute nue, la réalité vivante. Le tout est de pos-
552 1537 1122 1601 séder le sentiment de la langue.
590 1613 1923 1675 M. Léon DE ROSNY. Il ne m’appartient pas de critiquer l’opinion émise par
546 1657 1923 1721 M. Schœbel, au sujet de la langue allemande, qu’il possède d’une façon si
552 1715 1926 1774 supérieure. Cependant j’espère qu’il approuvera l'observation que j’ai à vous
552 1762 1923 1821 adresser. L’allemand est une langue polysynthétique, donnant à ceux qui l’em-
549 1803 1923 1868 ploient la faculté de renfermer une idée plus ou moins complexe dans un mot
546 1850 1917 1914 composé d’éléments divers. De la sorte, on renonce à l’emploi des prépositions,
552 1903 1923 1961 des conjonctions et autres particules qui contribuent si puissamment à la clarté
546 1944 1923 2005 du discours. La pensée prend alors une teinte vague qui n’est peut-être pas de
546 1984 1923 2052 l’obscurité, mais qui paraît telle à ceux qu’une longue habitude n’a pas fami-
552 2037 1449 2104 liarisés avec cet idiome incontestablement difficile.
599 2110 1692 2177 UN MEMBRE. Nous ne sommes plus dans la question des races.
590 2186 1926 2250 M. CASTAING. Il est vrai que nous sortons de la question de race, mais nous
546 2236 1613 2297 rentrons sur le terrain ethnographique, et cela vaut mieux.
596 2306 1856 2373 UN MEMBRE. Les races sont la question ethnographique par excellence.
587 2379 1093 2440 PLUSIEURS VOIX. Non! non!
593 2443 1926 2511 M. CASTAING. Que voulions-nous au début de cette discussion? Que l’on
546 2496 1929 2563 éclairât la première question de la troisième Section du questionnaire, ainsi
546 2549 1818 2607 conçue : «Des différences qui existent entre la race, la nation et l’État.»
596 2590 1926 2651 Au premier abord, on pourrait avoir compris qu’il s’agissait d’une défi-
546 2639 1926 2701 nition; mais, en vérité, on nous a donné bien autre chose. Je demande qu’on
552 2692 1505 2750 rentre dans la définition des termes ethnographiques.
590 2753 1923 2826 M. l’abbé DE MEÏSSAS. J'ai déjà donné mon sentiment sur la signification
967 3385 1514 3449 Droits reservés eu Cnam et à ses partenaires
