2479 3508
1128 578 1350 643 — 278 —
549 646 1923 713 la race repose sur un fait physique et naturel, spécialement sur le fait de la
552 695 1926 762 génération, et j’entends par nation la réunion de races différentes aspirant à
552 742 1017 806 l’unité sociale et politique.
605 809 1926 882 M. l'abbé DE MEÏSSAS. Je ne puis admettre l’assimilation que l’on fait de
549 862 1920 929 l’agrégation des mollusques avec les véritables sociétés; la juxtaposition ne con-
552 915 1920 976 stitue pas l’état social; l’état collectif, mais inconscient, n’est même pas un
555 964 1628 1026 rudiment de société; ce n’est qu’un fait brutal et contingent.
608 1029 1926 1099 M. CASTAING. Observation très juste : un accident a déterminé la position
561 1087 1926 1148 d’une huître, un autre accident détermine sa place, et ni dans l’un ni dans l’autre
555 1128 1926 1195 cas, il peut n’y avoir aucune modification, et il n’y a aucune conscience d’un
558 1178 1391 1242 fait qui ne constitue pas même une association.
599 1242 1920 1315 M. l’abbé DE MEÏSSAS. La race est la somme des individus ayant les mêmes
552 1300 1923 1362 caractères physiques et provenant d’une même souche. La nation est une agré-
546 1347 1555 1417 gation d’individus vivant sous le même régime politique.
599 1423 1572 1487 M. LE PRÉSIENT. La parole est à Mme Clémence Royer.
605 1487 1926 1561 Mme Clémence ROYER. Je crois, Messieurs, que nous sommes, sur cette ques-
552 1546 1923 1607 tion, bien près d’être tous d’accord, à quelques nuances près. Nous différons
552 1593 1923 1654 seulement par des définitions de mots relativement à la dénomination des
561 1645 1923 1713 groupes, des groupements; question qui, peut-être, est encore un peu pen-
558 1692 871 1751 dante pour nous.
599 1727 1923 1794 In s'agit, en effet, de déterminer cette dénomination, ces limites; nous
552 1780 1920 1841 sommes tous d’accord que la race est un fait physique, biologique, un fait
555 1824 1923 1891 fatal; on est fils de quelqu’un, ceci est une vérité que personne ne peut révoquer
552 1873 926 1941 en doute. (Sourires.)
596 1917 1923 1984 Eh bien! si on est fils de quelqu’un, on a une race, une généalogie; elle est
558 1976 1920 2040 pure ou mélangée, peu importe, ou est d’une race quelconque. On a aussi un
561 2022 1920 2081 type quelconque, peut-être plus ou moins abâtardi, flottant, peu importe, on
552 2066 1315 2128 a toujours un type, c’est un fait biologique.
599 2113 1926 2174 Dans l’histoire du développement social de l’humanité, il est évident cepen-
552 2157 1923 2221 dant qu’à l’origine de toute société, la race se confond sensiblement avec la na-
552 2204 1926 2268 tion. A l’origine, je ne dirai pas de la nation, car elle ne porte pas encore ce
558 2259 1531 2315 nom, mais de la tribu, la race est essentiellement pure.
599 2291 1923 2362 Tant que l’humanité reste à l’état chasseur, pastoral, nomade, tant que les
552 2347 1923 2408 sociétés humaines ne sont pas enracinées au sol par l’agriculture et les grandes
552 2397 1654 2458 constructions urbaines, la tribu reste essentiellement ethnique.
599 2440 1920 2505 Dans les sociétés d’ensemble qui ont toujours plus ou moins une souche
546 2487 1917 2549 commune, il se forme des rameaux, des branches qui viennent se rattacher
546 2531 1920 2598 les unes aux autres par des liens plus ou moins prochains et dont l’origine
546 2584 1917 2645 est commune. Le mot peuple n’est autre chose que le mot de nation, et même
543 2631 1917 2692 dans les temps antiques, le mot de nation se confond avec celui de race. Le
543 2677 1917 2739 mot grec ἔθνος signifie aussi bien race que nation; les anciens appliquaient
543 2724 1911 2794 cette idée que l’on est toujours fils de quelqu’un non seulement aux individus,
543 2774 1914 2838 mais aussi aux peuples. Vous voyez ainsi les quatre fils d’Hellen devenant pères
961 3379 1514 3443 Droits reservés au Cnam et à ses partenaires
