2479 3508
1128 575 1347 640 — 284 —
546 646 1923 710 des termes race et nation. J’ajoute que ce dernier terme indique l’état social
549 695 1920 762 essentiel, dans lequel chaque individu profite de l’activité de tous les autres,
549 742 1923 803 et tous les autres de celle de chacun. Il s’établit donc une série de relations
552 789 1920 853 mutuelles et de profits réciproques qui créent la société, et la nation qui est la
549 836 1923 900 société la plus solidement constituée. Rien de pareil n’existe dans la juxtaposi-
558 885 1423 947 tion des animaux, surtout des espèces inférieures.
593 932 1920 991 Quant à la description que l’on nous fait des évolutions successives et pré-
555 976 1917 1040 tendues logiques des sociétés primitives, je n’y saurais voir que des théories
546 1026 1917 1084 appuyées sur des conjectures. Le seul peuple sur lequel l’histoire nous donne
546 1069 1920 1134 des informations suivies, dès le début, c’est le peuple hébreu, et je n’y vois
552 1125 1528 1183 rien de pareil à ce que l’on prétend nous faire accepter.
