2479 3508
1134 575 216 65 242

561 643 1371 70 l'argent monnayé a eu cours jusqu’au temps de Mohammed et Tousny (1), et

558 695 1368 62 même jusqu’à l'époque de feu M. Barth. Avec chaque contrée du Darfour, la

561 751 1365 55 monnaie change. A Bonny, on fait usage d’anneaux de métal, pour la plu¬

561 798 1365 61 part en cuivre (2). Chez les habitants de l’intérieur du Congo, on fait usage

558 836 1368 61 de lingots de fer. Du Sénégal au cap de Mesourado, on se sert aussi, dans le

561 891 1365 56 commerce, de lingots de fer. Aujourd’hui, ces lingots sont une monnaie

558 929 1368 62 d’un usage très peu praticable, puisqu’ils varient de valeur avec les con¬

564 982 1362 61 trées et avec les marchandises que l'on achète. Les Anglais ont introduit dans

555 1023 1374 67 ces contrées l’argent monnayé et le papier-monnaie; les indigènes ont accepté

561 1069 397 68 le tout sans hésitation.

608 1122 1318 61 Que conclure de tout cela? Que les Nègres ont l’esprit mercantile; que, s’ils

564 1172 1356 58 ne sont pas aptes à certains travaux, ils montrent une habileté remarquable

558 1213 377 73 pour certains autres.

605 1262 1318 65 L'usage des cauris, qui est très répandu en Afrique, y est aussi très ancien;

555 1312 1371 56 car ils ne sont pas particuliers à cette partie du monde; ou les a trouvés

561 1359 1365 58 chez les peuples asiatiques d'où les migrations les ont apportés jusqu’en

558 1400 1368 64 Hongrie, où les petites têtes de serpents sont restées les ornements des che¬

555 1447 1374 64 vaux (3), Dans l’intérieur de l’Afrique, sur le fleuve du Niger, les cauris ont été

558 1502 795 56 cités comme la monnaie actuelle courante (4).

602 1543 1324 64 En dehors du pays des Nègres, on les trouve encore dans diverses contrées

561 1596 1362 58 où ils servent d’ornement; par exemple, chez les Hottentots, chez les Cafres

552 1639 1374 59 et chez les Arabes de l'Afrique orientale (5). Comme monnaie ils sont encore

558 1689 1368 59 employés dans Kaarta, Sego et Jenné, mais nullement dans le royaume de

555 1721 1371 71 Tombouctou (6). A partir de ce dernier pays, ils ont encore cours aujourd’hui.

555 1780 1371 61 Sur la côte, ils sont acceptés du cap Palmas jusqu’au Congo et Benguéla.

552 1821 1371 67 Plus tard ils reçurent leur valeur comme monnaie courante sur la côte d’Or,

549 1873 1374 62 mais ils ne conservent pas leur valeur sur la côte entière jusqu’à l'ouest de

552 1923 1371 59 Annamabou, comme cela arrive dans l’intérieur des terres et surtout dans le

558 1964 1368 67 Dahomey. Dans ces contrées, on trouve la poussière d’or et les monnaies d’ar¬

543 2014 328 67 gent et de cuivre.

602 2063 1321 62 On possède des renseignements tout à fait contradictoires sur la monnaie

552 2107 1368 65 courante dans le pays du delta du Niger et sur les contrées qui sont immédiate¬

558 2160 1365 58 ment situées au Nord. Certains auteurs (7) racontent que les cauris sont le

549 2204 1374 61 moyen général de change. Les frères Lander assurent, au contraire, qu’ils

552 2250 401 65 n'ont aucune valeur (8).

602 2294 1321 70 Nous ne discuterons pas sur l’étendue des marchés ni sur leurs relations avec

584 2391 1342 64 (1) Perron et Jomard, Voyage au Ouadey (Parie, 1811. p. 164. - Barth, Voyages, t. III,

552 2438 111 64 p. 522.

596 2432 929 143 (2) Koeler, Einzige Notizen über Bonny (Göttingen, 1848), p. 139.

593 2514 1315 61 (3) Pour plus de détails, lire M. le prof. Charles Ritter, Erdkunde, t. IV, p. 1155, et t. I,

540 2549 225 61 p. 324, 1039.

593 2572 623 114 (4) Journal asiatique, 4e série, t. I, p. 230.

596 2590 1304 99 (5) Thunberg, Reise durch einen Theil von Europa, Africa und Asia, 1770-1779 (Berlin, 1792),

552 2663 471 61 t. II. p. 72; Brehm, t. I. p. 332.

605 2704 1137 93 (6) Raffenel, Nouveau voyage dans le pays des Nègres, t. I, p. 233; t. II, p.209.

584 2666 1222 137 (7) Schon and Crowther, Journal of the Expedition on the Niger, 1841 (London, 1842).

587 2777 278 61 (8) T.III, p. 2111.

961 3379 550 67 Droits reservés au Cnam et à ses parternaires
