2479 3508
1125 575 213 68 237

599 643 1318 70 Une autre branche d’industrie très commune est celle de la fabrication des

546 692 1371 65 chandelles et des bougies. Dans le Bornou, on fabrique des chandelles de suit

549 748 1365 58 et de cire (1). Le Sierra-Leone et le Jenné produisent aussi des bougies de cire (2).

552 798 1365 55 Ailleurs, dans le district d’Axra, au contraire, on brûle des lampes à huile

546 838 1368 62 de palmier. Dans le royaume de Dahomey, on remplace l’huile de palmier

549 885 1365 65 par du beurre connu cous le nom de schih; la vente de ce beurre est une bran¬

546 929 1374 67 che considérable du commerce entre le district de Bambara et les contrées avoi¬

549 979 199 61 sinantes (3).

590 1023 1330 64 Seuls les Nègres emploient une sorte d’illumination artificielle: quand la

549 1067 1365 70 Iune ne paraît pas, ils dansent et parcourent volontiers les champs à ce genre

546 1119 1371 62 de lumière. La poudre indigène préparée avec du nitre se trouve sur le marché

546 1166 1371 64 de Jenné. Les habitants du Bambara font leur poudre eux-mêmes, ainsi que dans

549 1207 1374 70 le Bambouk, dans le Yaouri, sur le fleuve du Niger et dans quelques parties de

552 1259 1108 68 Bornou; dans ces pays, la poudre est broyée et non moulue (4).

596 1312 1324 59 L’apiculture ost en grand honneur chez les peuples mandingues, bien

549 1353 1374 64 qu’elle présente de nombreuses imperfections (5). Les habitants du pays de

552 1400 1035 64 Mussgu se livrent aussi avec ardeur à l'élève des abeilles (6).

596 1455 1327 59 La branche du commerce la plus considérable est celle du sel, car, suivant

546 1493 1374 65 la parole d’Ibn-Batoulah, le sel a la valeur que l’or et l’argent ont ailleurs

549 1543 1374 61 dans beaucoup de parties de l’Afrique (7). Plusieurs peuplades l’obtiennent par

546 1584 529 67 l'évaporation de l'eau de mer.

602 1634 1321 67 Dans le Bornou, dont les habitants ignoraient encore l’existence du sel il y a

558 1689 1365 59 quelques années (8), on le prépare, sur les rivages du lac de Techad et dans les

555 1736 1368 58 contrées voisines, à l’aide des cendres des plantes, par le détrempement et par

552 1771 1365 67 la consomption pendant la cuisson; on se sert aussi de la fiente de taureau (9).

599 1827 1321 61 Peu de peuples nègres connaissent la fonte du fer. Dans l’Afrique occiden¬

558 1873 1365 65 tale, les Mandingues semblent être les seuls qui connaissent cet art. Nous allons

555 1926 1365 58 expliquer la manière que l'on emploie, dans le Kouranko et le Bambara, pour

555 1964 1368 67 la fabrique de la fonte de fer. On creuse un trou et l'on construit un poêle

546 2014 1374 61 cylindrique ou en forme d’entonnoir, qui a une hauteur de 3m, 50 à 4 mètres.

552 2060 1365 68 Ce poêle est percé, en dessous, d’un certain nombre de trous. Dans l’intérieur,

549 2110 1374 59 on superpose plusieurs couches de pierre, de charbon et de bois, et l'on met le

552 2160 1371 61 feu au tout. Dans le Kouranko, on se sert, pour alimenter le feu, d’un souf¬

634 2239 1193 67 (1) Ledyard et Lucas, Voyages en Afrique, trad. par Lallemant (Paris, 1804), p. 184.

640 2283 438 61 (2) Caillé, ouvr. cit., t. II. p. 203.

599 2242 1304 137 (3) Mourad, Gemälde von der Ruste von Guinea, 1805-1809 (Weimar, 1824), p. 206; Dun-

552 2356 535 64 can, Reise in West Africa, 1845; Caillé

552 2397 409 64 (Paris, 1830), t. I. p.115.

643 2432 1283 64 (4) Caillé, libr. cit. . t. II. p. 200, 274; Raffenel. p. 299; Durand, Voyage en Sénégal (Paris,

561 2476 1277 58 an x), t. II, p. 294; Lander (Leipsick, 1883), t. II. p. 41; Barth, Voyages, t. III, p. 128.

628 2516 1289 59 (5) Moore, Travels into the inland parla of Africa, 1730, p. 31; Durand, t. Il, p. 32; Caillé,

549 2546 1380 61 libr. cit., t. II. p. 110; Laing, Voyage dans le Timanni, le Kouranko et le Soulimana, 1822

564 2572 1099 73 (Paris, 1826), p. 135; Raffenel, Voyage des les pays des Nègres, t. I, p. 412.

596 2619 485 58 (6) Barth, Voyages, t. III, p. 215.

610 2648 1003 67 (7) Voyages (traduct. de MM. Defrémery et Sanguinette), t. IV, p. 394.)

599 2692 1318 64 (8) Denham, Clapperton and Oudney, Narrative of travels in Nord and Central Africa, 1822-

555 2739 336 61 1824 (London, 1826).

637 2774 590 61 (9) Voyages de M. Barth, t. III, p. 41, 240.

961 3379 550 67 Droits reservés au Cnam et à ses partenaires
