<?xml version="1.0" encoding="UTF-8"?>
<alto xmlns:xsi="http://www.w3.org/2001/XMLSchema-instance"
      xmlns="http://www.loc.gov/standards/alto/ns-v4#"
      xsi:schemaLocation="http://www.loc.gov/standards/alto/ns-v4# http://www.loc.gov/standards/alto/v4/alto-4-2.xsd">
  <Description>
    <MeasurementUnit>pixel</MeasurementUnit>
    <sourceImageInformation>
      <fileName>ANAHI_Les_villes_nègres_et_leur_commerce.pdf_page_5.png</fileName>
      
    </sourceImageInformation>
  </Description>
  
  <Layout>
    <Page WIDTH="2479"
          HEIGHT="3508"
          PHYSICAL_IMG_NR="4"
          ID="eSc_dummypage_">
      <PrintSpace HPOS="0"
                  VPOS="0"
                  WIDTH="2479"
                  HEIGHT="3508">
        
        <TextBlock HPOS="561"
                   VPOS="584"
                   WIDTH="1377"
                   HEIGHT="1821"
                   ID="eSc_textblock_6d26b157"
                   TAGREFS="BT">
          <Shape><Polygon POINTS="1251 584 1353 596 1414 654 1938 678 1938 2359 561 2405 561 654 1107 654 1157 596 1251 584"/></Shape>
          
          
          <TextLine ID="eSc_line_8034dd01"
                    
                    BASELINE="1143 631 1350 625" 
                    HPOS="1134"
                    VPOS="575"
                    WIDTH="216"
                    HEIGHT="65">
            <Shape><Polygon POINTS="1143 631 1134 593 1230 575 1230 575 1233 575 1233 575 1344 587 1350 625 1350 634 1143 640"/></Shape>
	    <String CONTENT="238"
                    HPOS="1134"
                    VPOS="575"
                    WIDTH="216"
                    HEIGHT="65"></String>
          </TextLine>

          
          
          <TextLine ID="eSc_line_f0f359d5"
                    
                    BASELINE="561 698 1923 692" 
                    HPOS="552"
                    VPOS="646"
                    WIDTH="1371"
                    HEIGHT="67">
            <Shape><Polygon POINTS="561 698 552 648 1914 646 1923 692 1920 707 561 713"/></Shape>
	    <String CONTENT="flet qui consiste en un tuyau de fer et en des peaux que l&#39;on ouvre et l&#39;on ferme"
                    HPOS="552"
                    VPOS="646"
                    WIDTH="1371"
                    HEIGHT="67"></String>
          </TextLine>

          
          
          <TextLine ID="eSc_line_627e6805"
                    
                    BASELINE="561 745 1926 745" 
                    HPOS="561"
                    VPOS="701"
                    WIDTH="1365"
                    HEIGHT="59">
            <Shape><Polygon POINTS="561 745 561 701 1926 701 1926 745 1926 760 561 760"/></Shape>
	    <String CONTENT="au moyen de deux manches en bois. La plus grande quantité de poêles hauts"
                    HPOS="561"
                    VPOS="701"
                    WIDTH="1365"
                    HEIGHT="59"></String>
          </TextLine>

          
          
          <TextLine ID="eSc_line_f0ffa9eb"
                    
                    BASELINE="561 792 1572 786" 
                    HPOS="555"
                    VPOS="745"
                    WIDTH="1017"
                    HEIGHT="61">
            <Shape><Polygon POINTS="561 792 555 751 1563 745 1572 786 1569 803 561 806"/></Shape>
	    <String CONTENT="de cette sorte se trouvent dans le territoire de Bambara (1)."
                    HPOS="555"
                    VPOS="745"
                    WIDTH="1017"
                    HEIGHT="61"></String>
          </TextLine>

          
          
          <TextLine ID="eSc_line_8c9684c0"
                    
                    BASELINE="605 833 1926 838" 
                    HPOS="599"
                    VPOS="786"
                    WIDTH="1327"
                    HEIGHT="64">
            <Shape><Polygon POINTS="605 833 605 786 1923 795 1926 838 1920 850 599 847"/></Shape>
	    <String CONTENT="Duncan (2) nous donne la description de semblables fourneaux dans le nord"
                    HPOS="599"
                    VPOS="786"
                    WIDTH="1327"
                    HEIGHT="64"></String>
          </TextLine>

          
          
          <TextLine ID="eSc_line_c850cb27"
                    
                    BASELINE="561 885 1923 879" 
                    HPOS="555"
                    VPOS="838"
                    WIDTH="1368"
                    HEIGHT="62">
            <Shape><Polygon POINTS="561 885 555 844 1914 838 1923 879 1920 894 561 900"/></Shape>
	    <String CONTENT="du royaume de Dahomey, nous le 11e degré de latitude septentrionale. La pré¬"
                    HPOS="555"
                    VPOS="838"
                    WIDTH="1368"
                    HEIGHT="62"></String>
          </TextLine>

          
          
          <TextLine ID="eSc_line_3f4fa6bf"
                    
                    BASELINE="561 926 1929 935" 
                    HPOS="555"
                    VPOS="882"
                    WIDTH="1374"
                    HEIGHT="65">
            <Shape><Polygon POINTS="561 926 561 882 1929 891 1929 935 1923 947 555 944"/></Shape>
	    <String CONTENT="paration du fer paraît être plus imparfaite dans l’Afrique orientale que dans"
                    HPOS="555"
                    VPOS="882"
                    WIDTH="1374"
                    HEIGHT="65"></String>
          </TextLine>

          
          
          <TextLine ID="eSc_line_83dc6543"
                    
                    BASELINE="558 979 964 973" 
                    HPOS="552"
                    VPOS="926"
                    WIDTH="412"
                    HEIGHT="70">
            <Shape><Polygon POINTS="558 979 552 926 958 929 964 973 961 996 558 996"/></Shape>
	    <String CONTENT="l’Afrique occidentale (3)."
                    HPOS="552"
                    VPOS="926"
                    WIDTH="412"
                    HEIGHT="70"></String>
          </TextLine>

          
          
          <TextLine ID="eSc_line_6303688e"
                    
                    BASELINE="608 1026 1926 1020" 
                    HPOS="605"
                    VPOS="976"
                    WIDTH="1321"
                    HEIGHT="64">
            <Shape><Polygon POINTS="608 1026 605 976 1920 982 1926 1020 1923 1034 608 1040"/></Shape>
	    <String CONTENT="Dans le sud de Kordofan, il y a des mines droites crousées, qui ont un dia¬"
                    HPOS="605"
                    VPOS="976"
                    WIDTH="1321"
                    HEIGHT="64"></String>
          </TextLine>

          
          
          <TextLine ID="eSc_line_da03ff3d"
                    
                    BASELINE="561 1069 1926 1075" 
                    HPOS="555"
                    VPOS="1026"
                    WIDTH="1371"
                    HEIGHT="61">
            <Shape><Polygon POINTS="561 1069 561 1026 1923 1031 1926 1075 1920 1087 555 1084"/></Shape>
	    <String CONTENT="mètre de 4 à 5 mètres et une profondeur de 10 mètres. Ici l&#39;on procède d’une"
                    HPOS="555"
                    VPOS="1026"
                    WIDTH="1371"
                    HEIGHT="61"></String>
          </TextLine>

          
          
          <TextLine ID="eSc_line_af827b0c"
                    
                    BASELINE="558 1116 1926 1122" 
                    HPOS="552"
                    VPOS="1069"
                    WIDTH="1374"
                    HEIGHT="65">
            <Shape><Polygon POINTS="558 1116 558 1069 1923 1078 1926 1122 1920 1134 552 1131"/></Shape>
	    <String CONTENT="façon toute autre: la fonte s’accomplit dans un trou conique dont le diamètre"
                    HPOS="552"
                    VPOS="1069"
                    WIDTH="1374"
                    HEIGHT="65"></String>
          </TextLine>

          
          
          <TextLine ID="eSc_line_5927e698"
                    
                    BASELINE="558 1163 1926 1169" 
                    HPOS="552"
                    VPOS="1113"
                    WIDTH="1374"
                    HEIGHT="68">
            <Shape><Polygon POINTS="558 1163 558 1113 1923 1125 1926 1169 1920 1181 552 1178"/></Shape>
	    <String CONTENT="le plus grand est de 12 à 14 mètres; on remplit d’un mélange de charbon de"
                    HPOS="552"
                    VPOS="1113"
                    WIDTH="1374"
                    HEIGHT="68"></String>
          </TextLine>

          
          
          <TextLine ID="eSc_line_7b6b2634"
                    
                    BASELINE="558 1216 1926 1216" 
                    HPOS="558"
                    VPOS="1166"
                    WIDTH="1368"
                    HEIGHT="64">
            <Shape><Polygon POINTS="558 1216 558 1166 1926 1172 1926 1216 1926 1227 558 1230"/></Shape>
	    <String CONTENT="bois et d’airain; on met le feu et on conserve la masse enflammée au moyen"
                    HPOS="558"
                    VPOS="1166"
                    WIDTH="1368"
                    HEIGHT="64"></String>
          </TextLine>

          
          
          <TextLine ID="eSc_line_d03e9865"
                    
                    BASELINE="558 1259 1929 1265" 
                    HPOS="552"
                    VPOS="1213"
                    WIDTH="1377"
                    HEIGHT="61">
            <Shape><Polygon POINTS="558 1259 558 1213 1926 1219 1929 1265 1923 1274 552 1268"/></Shape>
	    <String CONTENT="d’un soufflet placé en dedans et formé d’un tuyau courbé et d’une jatte ronde"
                    HPOS="552"
                    VPOS="1213"
                    WIDTH="1377"
                    HEIGHT="61"></String>
          </TextLine>

          
          
          <TextLine ID="eSc_line_3d77b9a3"
                    
                    BASELINE="558 1312 1490 1303" 
                    HPOS="552"
                    VPOS="1262"
                    WIDTH="938"
                    HEIGHT="62">
            <Shape><Polygon POINTS="558 1312 552 1271 1482 1262 1490 1303 1487 1318 558 1324"/></Shape>
	    <String CONTENT="en argile sur laquelle est fortement tendue une peau."
                    HPOS="552"
                    VPOS="1262"
                    WIDTH="938"
                    HEIGHT="62"></String>
          </TextLine>

          
          
          <TextLine ID="eSc_line_2d033e57"
                    
                    BASELINE="605 1350 1932 1359" 
                    HPOS="599"
                    VPOS="1306"
                    WIDTH="1333"
                    HEIGHT="65">
            <Shape><Polygon POINTS="605 1350 605 1306 1932 1315 1932 1359 1926 1371 599 1362"/></Shape>
	    <String CONTENT="On ignore encore, jusqu’à présent, si les Nègres ont appris des Foulahs l’art"
                    HPOS="599"
                    VPOS="1306"
                    WIDTH="1333"
                    HEIGHT="65"></String>
          </TextLine>

          
          
          <TextLine ID="eSc_line_f739b130"
                    
                    BASELINE="555 1397 1505 1406" 
                    HPOS="549"
                    VPOS="1353"
                    WIDTH="956"
                    HEIGHT="64">
            <Shape><Polygon POINTS="555 1397 555 1353 1502 1362 1505 1406 1499 1417 549 1409"/></Shape>
	    <String CONTENT="de travailler les métaux, ce qui est peu vraisemblable."
                    HPOS="549"
                    VPOS="1353"
                    WIDTH="956"
                    HEIGHT="64"></String>
          </TextLine>

          
          
          <TextLine ID="eSc_line_34cc0930"
                    
                    BASELINE="602 1449 1929 1444" 
                    HPOS="596"
                    VPOS="1403"
                    WIDTH="1333"
                    HEIGHT="61">
            <Shape><Polygon POINTS="602 1449 596 1406 1920 1403 1929 1444 1926 1458 602 1464"/></Shape>
	    <String CONTENT="Les fosses de fer d’Angolu sont tombées en décadence complète, par l&#39;avidité"
                    HPOS="596"
                    VPOS="1403"
                    WIDTH="1333"
                    HEIGHT="61"></String>
          </TextLine>

          
          
          <TextLine ID="eSc_line_b011fb40"
                    
                    BASELINE="558 1493 1926 1499" 
                    HPOS="552"
                    VPOS="1449"
                    WIDTH="1374"
                    HEIGHT="62">
            <Shape><Polygon POINTS="558 1493 558 1449 1923 1455 1926 1499 1920 1511 552 1505"/></Shape>
	    <String CONTENT="et les tromperies des Portugais et non par la paresse des Nègres, ainsi que l’ont"
                    HPOS="552"
                    VPOS="1449"
                    WIDTH="1374"
                    HEIGHT="62"></String>
          </TextLine>

          
          
          <TextLine ID="eSc_line_842dc6df"
                    
                    BASELINE="558 1543 1926 1543" 
                    HPOS="558"
                    VPOS="1502"
                    WIDTH="1368"
                    HEIGHT="64">
            <Shape><Polygon POINTS="558 1543 558 1502 1926 1502 1926 1543 1926 1558 558 1566"/></Shape>
	    <String CONTENT="prétendu quelques voyageurs. Les Serrakolets, en Sénégambie, connaissent par¬"
                    HPOS="558"
                    VPOS="1502"
                    WIDTH="1368"
                    HEIGHT="64"></String>
          </TextLine>

          
          
          <TextLine ID="eSc_line_b49869c1"
                    
                    BASELINE="558 1593 1461 1593" 
                    HPOS="558"
                    VPOS="1549"
                    WIDTH="903"
                    HEIGHT="58">
            <Shape><Polygon POINTS="558 1593 558 1549 1461 1549 1461 1593 1461 1607 558 1607"/></Shape>
	    <String CONTENT="faitement l’art de fabriquer le fer et de le forger (4)."
                    HPOS="558"
                    VPOS="1549"
                    WIDTH="903"
                    HEIGHT="58"></String>
          </TextLine>

          
          
          <TextLine ID="eSc_line_a8704e44"
                    
                    BASELINE="602 1639 1926 1631" 
                    HPOS="599"
                    VPOS="1593"
                    WIDTH="1327"
                    HEIGHT="61">
            <Shape><Polygon POINTS="602 1639 599 1593 1920 1593 1926 1631 1923 1645 602 1654"/></Shape>
	    <String CONTENT="Il y a des pays où cette industrie n’est pas on honneur: c’est dans les con¬"
                    HPOS="599"
                    VPOS="1593"
                    WIDTH="1327"
                    HEIGHT="61"></String>
          </TextLine>

          
          
          <TextLine ID="eSc_line_565c95dc"
                    
                    BASELINE="555 1683 1923 1680" 
                    HPOS="549"
                    VPOS="1642"
                    WIDTH="1374"
                    HEIGHT="59">
            <Shape><Polygon POINTS="555 1683 549 1645 1914 1642 1923 1680 1920 1701 555 1701"/></Shape>
	    <String CONTENT="trées où les travailleurs ont été très souvent considérés comme sorciers et où"
                    HPOS="549"
                    VPOS="1642"
                    WIDTH="1374"
                    HEIGHT="59"></String>
          </TextLine>

          
          
          <TextLine ID="eSc_line_8e92eaee"
                    
                    BASELINE="555 1730 1926 1736" 
                    HPOS="549"
                    VPOS="1680"
                    WIDTH="1377"
                    HEIGHT="68">
            <Shape><Polygon POINTS="555 1730 555 1680 1923 1689 1926 1736 1920 1748 549 1742"/></Shape>
	    <String CONTENT="ils forment une caste particulière. Il en ost de même dans beaucoup de contrées"
                    HPOS="549"
                    VPOS="1680"
                    WIDTH="1377"
                    HEIGHT="68"></String>
          </TextLine>

          
          
          <TextLine ID="eSc_line_55b369a0"
                    
                    BASELINE="555 1780 973 1780" 
                    HPOS="555"
                    VPOS="1736"
                    WIDTH="418"
                    HEIGHT="58">
            <Shape><Polygon POINTS="555 1780 555 1736 973 1736 973 1780 973 1794 555 1794"/></Shape>
	    <String CONTENT="des côtes de la Guinée."
                    HPOS="555"
                    VPOS="1736"
                    WIDTH="418"
                    HEIGHT="58"></String>
          </TextLine>

          
          
          <TextLine ID="eSc_line_77cf7c7d"
                    
                    BASELINE="605 1827 1926 1827" 
                    HPOS="605"
                    VPOS="1774"
                    WIDTH="1321"
                    HEIGHT="67">
            <Shape><Polygon POINTS="605 1827 605 1774 1926 1783 1926 1827 1926 1841 605 1841"/></Shape>
	    <String CONTENT="Les plus jolis ouvrages fabriqués par les nègres de la côte d’Or sont des"
                    HPOS="605"
                    VPOS="1774"
                    WIDTH="1321"
                    HEIGHT="67"></String>
          </TextLine>

          
          
          <TextLine ID="eSc_line_557ff67b"
                    
                    BASELINE="555 1870 1926 1870" 
                    HPOS="555"
                    VPOS="1830"
                    WIDTH="1371"
                    HEIGHT="58">
            <Shape><Polygon POINTS="555 1870 555 1830 1926 1830 1926 1870 1926 1888 555 1888"/></Shape>
	    <String CONTENT="objets dorés, dos serrures de fer pour les portes et les coffres (5). Dans le terri¬"
                    HPOS="555"
                    VPOS="1830"
                    WIDTH="1371"
                    HEIGHT="58"></String>
          </TextLine>

          
          
          <TextLine ID="eSc_line_6141ac40"
                    
                    BASELINE="555 1920 1923 1920" 
                    HPOS="555"
                    VPOS="1876"
                    WIDTH="1368"
                    HEIGHT="59">
            <Shape><Polygon POINTS="555 1920 555 1876 1923 1876 1923 1920 1923 1935 555 1935"/></Shape>
	    <String CONTENT="toire de Widuh, il y a principalement des armuriers très capables, et ils s’en¬"
                    HPOS="555"
                    VPOS="1876"
                    WIDTH="1368"
                    HEIGHT="59"></String>
          </TextLine>

          
          
          <TextLine ID="eSc_line_cfe33d5e"
                    
                    BASELINE="555 1964 1923 1970" 
                    HPOS="549"
                    VPOS="1920"
                    WIDTH="1374"
                    HEIGHT="59">
            <Shape><Polygon POINTS="555 1964 555 1920 1920 1926 1923 1970 1917 1979 549 1976"/></Shape>
	    <String CONTENT="tendent parfaitement à la réparation des fusils. On nous raconte (6) qu’il y a"
                    HPOS="549"
                    VPOS="1920"
                    WIDTH="1374"
                    HEIGHT="59"></String>
          </TextLine>

          
          
          <TextLine ID="eSc_line_1bd08ad4"
                    
                    BASELINE="555 2017 1923 2011" 
                    HPOS="549"
                    VPOS="1970"
                    WIDTH="1374"
                    HEIGHT="58">
            <Shape><Polygon POINTS="555 2017 549 1976 1914 1970 1923 2011 1920 2022 555 2028"/></Shape>
	    <String CONTENT="dans le district de Haoussa des fusils et de la poudre, produits du travail indi¬"
                    HPOS="549"
                    VPOS="1970"
                    WIDTH="1374"
                    HEIGHT="58"></String>
          </TextLine>

          
          
          <TextLine ID="eSc_line_e13db985"
                    
                    BASELINE="552 2063 1926 2058" 
                    HPOS="543"
                    VPOS="2014"
                    WIDTH="1383"
                    HEIGHT="67">
            <Shape><Polygon POINTS="552 2063 543 2020 1917 2014 1926 2058 1923 2072 552 2081"/></Shape>
	    <String CONTENT="gène. M. Landolphe (7) rapporte que, dans Bénin, on travaille très artistement"
                    HPOS="543"
                    VPOS="2014"
                    WIDTH="1383"
                    HEIGHT="67"></String>
          </TextLine>

          
          
          <TextLine ID="eSc_line_498cb6d1"
                    
                    BASELINE="555 2107 1926 2107" 
                    HPOS="555"
                    VPOS="2060"
                    WIDTH="1371"
                    HEIGHT="65">
            <Shape><Polygon POINTS="555 2107 555 2060 1926 2066 1926 2107 1926 2122 555 2125"/></Shape>
	    <String CONTENT="le fer et le cuivre. On récompense les ouvriers les plus habiles en leur con¬"
                    HPOS="555"
                    VPOS="2060"
                    WIDTH="1371"
                    HEIGHT="65"></String>
          </TextLine>

          
          
          <TextLine ID="eSc_line_7f403db5"
                    
                    BASELINE="555 2157 1113 2151" 
                    HPOS="549"
                    VPOS="2110"
                    WIDTH="564"
                    HEIGHT="62">
            <Shape><Polygon POINTS="555 2157 549 2116 1105 2110 1113 2151 1110 2166 555 2172"/></Shape>
	    <String CONTENT="cédant des titres de noblesse (8)."
                    HPOS="549"
                    VPOS="2110"
                    WIDTH="564"
                    HEIGHT="62"></String>
          </TextLine>

          
          
          <TextLine ID="eSc_line_4362c132"
                    
                    BASELINE="599 2201 1929 2201" 
                    HPOS="599"
                    VPOS="2148"
                    WIDTH="1330"
                    HEIGHT="73">
            <Shape><Polygon POINTS="599 2201 599 2148 1929 2160 1929 2201 1929 2221 599 2221"/></Shape>
	    <String CONTENT="Un village, au delà du Grand-Bassam, jouit d’une grande réputation, à cause"
                    HPOS="599"
                    VPOS="2148"
                    WIDTH="1330"
                    HEIGHT="73"></String>
          </TextLine>

          
          
          <TextLine ID="eSc_line_140b86e1"
                    
                    BASELINE="555 2248 1923 2248" 
                    HPOS="555"
                    VPOS="2210"
                    WIDTH="1368"
                    HEIGHT="55">
            <Shape><Polygon POINTS="555 2248 555 2210 1923 2210 1923 2248 1923 2265 555 2265"/></Shape>
	    <String CONTENT="de ses travaux de fer; il est nommé, pour cette raison, la patrie des forgerons"
                    HPOS="555"
                    VPOS="2210"
                    WIDTH="1368"
                    HEIGHT="55"></String>
          </TextLine>

          
          
          <TextLine ID="eSc_line_ee71479e"
                    
                    BASELINE="555 2297 1923 2291" 
                    HPOS="549"
                    VPOS="2253"
                    WIDTH="1374"
                    HEIGHT="59">
            <Shape><Polygon POINTS="555 2297 549 2259 1914 2253 1923 2291 1920 2309 555 2312"/></Shape>
	    <String CONTENT="de l’Afrique entière. Les Timmaines, au contraire, ce trouvent à un degré tout"
                    HPOS="549"
                    VPOS="2253"
                    WIDTH="1374"
                    HEIGHT="59"></String>
          </TextLine>

          
          
          <TextLine ID="eSc_line_5f6eb94f"
                    
                    BASELINE="552 2338 1926 2344" 
                    HPOS="546"
                    VPOS="2294"
                    WIDTH="1380"
                    HEIGHT="65">
            <Shape><Polygon POINTS="552 2338 552 2294 1923 2300 1926 2344 1920 2359 546 2353"/></Shape>
	    <String CONTENT="là fait inférieur; ils ignorent complètement l’art du forgeron et connaissent à"
                    HPOS="546"
                    VPOS="2294"
                    WIDTH="1380"
                    HEIGHT="65"></String>
          </TextLine>

          
          
          <TextLine ID="eSc_line_f515d67e"
                    
                    BASELINE="555 2394 915 2388" 
                    HPOS="549"
                    VPOS="2347"
                    WIDTH="366"
                    HEIGHT="70">
            <Shape><Polygon POINTS="555 2394 549 2353 906 2347 915 2388 912 2405 555 2417"/></Shape>
	    <String CONTENT="peine l’art de tisser."
                    HPOS="549"
                    VPOS="2347"
                    WIDTH="366"
                    HEIGHT="70"></String>
          </TextLine>

          
        </TextBlock>
        
        <TextBlock HPOS="549"
                   VPOS="2467"
                   WIDTH="1377"
                   HEIGHT="371"
                   ID="eSc_textblock_95cb1d64"
                   TAGREFS="BT">
          <Shape><Polygon POINTS="1870 2467 1926 2478 1926 2534 1493 2572 1496 2677 1774 2701 1797 2756 1306 2838 596 2826 596 2642 549 2569 596 2478 1870 2467"/></Shape>
          
          
          <TextLine ID="eSc_line_fc92e9c5"
                    
                    BASELINE="605 2505 1908 2519" 
                    HPOS="599"
                    VPOS="2461"
                    WIDTH="1309"
                    HEIGHT="79">
            <Shape><Polygon POINTS="605 2505 605 2461 1908 2476 1908 2519 1903 2540 599 2528"/></Shape>
	    <String CONTENT="(1) Mungo Park, t. II. p. 40; Laing. p. 162 et planche; Caillé, ouvr. cit., t. I, p. 270, t. II,"
                    HPOS="599"
                    VPOS="2461"
                    WIDTH="1309"
                    HEIGHT="79"></String>
          </TextLine>

          
          
          <TextLine ID="eSc_line_8a990db3"
                    
                    BASELINE="561 2554 1213 2554" 
                    HPOS="561"
                    VPOS="2514"
                    WIDTH="652"
                    HEIGHT="67">
            <Shape><Polygon POINTS="561 2554 561 2514 1213 2514 1213 2554 1213 2575 561 2581"/></Shape>
	    <String CONTENT="p. 149; Raffenel, Nouveau voyage, t. I. p. 56."
                    HPOS="561"
                    VPOS="2514"
                    WIDTH="652"
                    HEIGHT="67"></String>
          </TextLine>

          
          
          <TextLine ID="eSc_line_3db21328"
                    
                    BASELINE="608 2590 1254 2590 1268 2604 1289 2590 1333 2592" 
                    HPOS="605"
                    VPOS="2543"
                    WIDTH="728"
                    HEIGHT="111">
            <Shape><Polygon POINTS="608 2590 608 2543 1292 2549 1333 2592 1327 2654 812 2645 812 2645 812 2645 809 2645 809 2645 809 2645 806 2645 806 2645 806 2642 789 2628 780 2619 605 2619"/></Shape>
	    <String CONTENT="(2) Reise in West Africa, 1845-1848, t. II, p. 120."
                    HPOS="605"
                    VPOS="2543"
                    WIDTH="728"
                    HEIGHT="111"></String>
          </TextLine>

          
          
          <TextLine ID="eSc_line_e37467eb"
                    
                    BASELINE="623 2625 1230 2633 1265 2622 1405 2633 1496 2639" 
                    HPOS="616"
                    VPOS="2578"
                    WIDTH="877"
                    HEIGHT="67">
            <Shape><Polygon POINTS="622 2622 622 2578 1493 2595 1493 2636 1487 2645 616 2636"/></Shape>
	    <String CONTENT="(3) Bussegger, 1835-1841. (Stuttgard, 1843), t. II, p. 289."
                    HPOS="616"
                    VPOS="2578"
                    WIDTH="877"
                    HEIGHT="67"></String>
          </TextLine>

          
          
          <TextLine ID="eSc_line_23feedf9"
                    
                    BASELINE="601 2653 605 2653 622 2653 691 2657 880 2661" 
                    HPOS="593"
                    VPOS="2613"
                    WIDTH="286"
                    HEIGHT="67">
            <Shape><Polygon POINTS="599 2651 599 2613 879 2622 879 2660 874 2680 593 2674"/></Shape>
	    <String CONTENT="(4) Mollien, p. 225."
                    HPOS="593"
                    VPOS="2613"
                    WIDTH="286"
                    HEIGHT="67"></String>
          </TextLine>

          
          
          <TextLine ID="eSc_line_c3e7a266"
                    
                    BASELINE="614 2701 1125 2704" 
                    HPOS="608"
                    VPOS="2654"
                    WIDTH="514"
                    HEIGHT="61">
            <Shape><Polygon POINTS="613 2698 613 2654 1119 2663 1122 2701 1116 2715 608 2712"/></Shape>
	    <String CONTENT="(5) L&#39;Ausland, année 1856, p. 2023."
                    HPOS="608"
                    VPOS="2654"
                    WIDTH="514"
                    HEIGHT="61"></String>
          </TextLine>

          
          
          <TextLine ID="eSc_line_de82aafc"
                    
                    BASELINE="605 2730 610 2730 648 2726 768 2730 824 2730 824 2734 919 2739 932 2739 944 2747 1056 2747 1073 2743 1125 2734 1232 2734 1369 2726 1490 2730 1713 2730 1777 2734" 
                    HPOS="599"
                    VPOS="2692"
                    WIDTH="1175"
                    HEIGHT="70">
            <Shape><Polygon POINTS="602 2727 599 2692 1768 2695 1774 2733 1771 2762 599 2753"/></Shape>
	    <String CONTENT="(6) Abd-Salam-Shabeeny, Account of Timcuctoo, by Jackon (London, 1820), p. 44.)"
                    HPOS="599"
                    VPOS="2692"
                    WIDTH="1175"
                    HEIGHT="70"></String>
          </TextLine>

          
          
          <TextLine ID="eSc_line_9c5b1571"
                    
                    BASELINE="620 2777 1327 2783 1468 2779 1555 2762 1680 2804 1639 2788 1672 2785" 
                    HPOS="613"
                    VPOS="2733"
                    WIDTH="1056"
                    HEIGHT="73">
            <Shape><Polygon POINTS="619 2774 619 2733 1663 2745 1669 2783 1663 2806 613 2791"/></Shape>
	    <String CONTENT="(7) Mémoires contenant l’histoire de ses voyages (Paris, 1823). t. II. p. 49."
                    HPOS="613"
                    VPOS="2733"
                    WIDTH="1056"
                    HEIGHT="73"></String>
          </TextLine>

          
          
          <TextLine ID="eSc_line_d74e3318"
                    
                    BASELINE="606 2815 1312 2823" 
                    HPOS="599"
                    VPOS="2768"
                    WIDTH="710"
                    HEIGHT="67">
            <Shape><Polygon POINTS="605 2812 605 2768 1306 2783 1309 2821 1303 2835 599 2826"/></Shape>
	    <String CONTENT="(8) Hutton, A voyage into Africa (London, 1821)."
                    HPOS="599"
                    VPOS="2768"
                    WIDTH="710"
                    HEIGHT="67"></String>
          </TextLine>

          
        </TextBlock>
        
        <TextBlock HPOS="970"
                   VPOS="3391"
                   WIDTH="547"
                   HEIGHT="43"
                   ID="eSc_textblock_7defd77a"
                   TAGREFS="BT">
          <Shape><Polygon POINTS="970 3391 1493 3391 1517 3434 970 3434 970 3391"/></Shape>
          
          
          <TextLine ID="eSc_line_cbcb0f13"
                    
                    BASELINE="967 3423 1514 3429" 
                    HPOS="961"
                    VPOS="3379"
                    WIDTH="553"
                    HEIGHT="64">
            <Shape><Polygon POINTS="967 3423 967 3379 1511 3385 1514 3429 1508 3443 961 3440"/></Shape>
	    <String CONTENT="Droits reservés au Cnam et a ses partenaires"
                    HPOS="961"
                    VPOS="3379"
                    WIDTH="553"
                    HEIGHT="64"></String>
          </TextLine>

          
        </TextBlock>
        

        
      </PrintSpace>
    </Page>
  </Layout>
</alto>
