2479 3508
1137 575 216 73 235

555 640 1371 70 l'écoulement des caux. Elle possède trois mosquées, deux places, une petite

558 695 1368 65 et une plus grande où se tient le marché, comme toutes les villes d’une cer¬

558 745 1368 61 taine importance dans le pays des Nègres. Dans les villages, au contraire,

555 792 1371 61 pour les affaires publiques, on trouve une place libre, avec une maison dans

558 833 1371 67 laquelle se tient une sorte de juge de paix. Cette maison ne consiste souvent

555 885 1371 62 que dans un toit appuyé sur dos pilotis posés sur un plancher peu élevé.

558 926 1368 67 Ici s’assemble la cour de justice; Ià s’engage une conversation générale;

564 985 1362 58 ailleurs on assigne leurs demoures aux étrangers. L’ancienne ville de Bornou

558 1026 1368 61 avait sept portes et était entourée d’une muraille épaisse haute de 14 mètres;

558 1072 1368 62 mais cette ville n’avait pas de rues régulières (1), et il est très vraisemblable

561 1119 1368 64 que la purification des immondices était abandonnée aux vautours, ainsi que

558 1169 897 61 cela se trouve très souvent dans les villes africaines.

602 1210 1327 64 Dans le Yarriba, presque toutes les villes ont des murailles basses et des

555 1259 1371 65 fossés très peu profonds; mais on rencontre aussi, dans certaines villes, des mu¬

558 1312 1368 59 railles doubles et triples qui mesurent jusqu’à 4 milles allemands d’étendue,

561 1362 1365 58 comme dans le Yaouri. Dans l’Afrique occidentale, certaines populations en¬

561 1409 1368 58 tourent leurs villes de palissades ou les ferment avec des murailles de terre

561 1455 1368 59 ou de briques qui, pendant la saison des pluies, sont couvertes d’un petit toit

561 1502 1365 61 pour les garantir des intempéries de la saison; pendant la nuit, les habitants

555 1540 1371 67 ferment les portes. Comme les Foulahs, ils bâtissent des petites fortifications,

555 1593 935 61 des murailles flanquées de tours et de canardières (2).

599 1639 1327 59 On ne rencontre de fortifications avec des angles pointus et des murailles

561 1689 1362 59 d’une épaisseur de plus d’un mètre (3) que dans le Bondou et dans le Bam¬

561 1727 1359 67 bouk. Parmi les places qui étaient le plus fortifiées, mentionnées par Mungo¬

555 1771 1368 70 Park (4) nous citerons la capitale du Fouladou, et plus loin Bangassi. Ce sont

561 1824 1362 67 les premières villes qui aient été entourées d’un fossé d’une profondeur de

561 1873 1362 65 8 mètres, circonscrit lui-même par trois murailles parallèles, dont deux hautes

561 1923 915 61 de 6 mètres, et l'autre d’une élévation de 16 mètres.

599 1967 1324 61 Les Nègres ne s'occupent guère de creuser des puits ni de jeter des ponts

558 2014 1362 64 sur les rivières. Cependant M. Mollien (5) trouva, dans le pays des Yolofs, des

555 2066 1365 62 puits d’une profondeur de trente brasses et d’une circonférence de vingt

558 2107 1365 67 brasses. Ce voyageur ne peut donner aucun renseignement sur les instruments

552 2157 1371 61 employés à ces travaux. On croyait savoir que le propriétaire prélève un impôt.

558 2210 769 58 sur les gens qui viennent puiser à ce puits.

599 2250 1321 65 Des puits semblables, mais creusés avec beaucoup plus de soin et pourvus

546 2294 1371 65 intérieurement, à la partie supérieure, d’une garniture en bois, se rencontrent

549 2347 822 64 dans les territoires de Bondou et de Bambara.

590 2464 1327 111 (1) Cf. Proceedings of the Association for promoting the discovering the interior of Africa;

567 2487 1336 79 Magazin von reise beschreibungen, t. V, p. 329; Ledyard et Lucas, Voyage en Afrique, trad. par

549 2543 488 64 Lallemant (Paris. 18o4), p. 180.

602 2578 1318 61 (2) Cp. Winterbottom, p. 121; Gray and Dochard, Travels in West Africa, 1818-1821.

543 2622 252 58 (London, 1825).

628 2657 348 58 (3) Hecquard, t. II. p. 145.

625 2689 465 102 (4) Deuxième voyage, p. 225 à 242.

596 2733 1312 64 (5) Reise in das Mittel von Africa, an die quellen des Senegal und Gambia, 1818 (Weimar,

543 2768 214 64 1820), p. 27.

961 3379 553 64 Droits reservés au Cnam et a ses partenaires
