2479 3508
1131 578 210 68 239

596 643 1321 70 Dans les royaumes plus grands, du Nord, l’industrie du fer est, en général,

546 698 1371 62 à la même hauteur et même à un degré supérieur que dans les pays méridionaux.

552 736 1368 67 Dans le district de Ouadey, l’industrie n'a pas une grande étendue: le fer est

552 789 1365 64 employé à fabriquer des armes et des instruments de labour; cependant quelques

561 836 1356 67 Nègres païens fournissent, au sud de Ouadey et de Darfour, des travaux de fer

552 882 1362 65 excellents (1). M. le professeur Barth (2) a trouvé, dans Agadès, des objets en fer¬

552 929 1362 64 forgés d’une remarquable finesse. Les ornements appliqués à ces objets par

549 973 1371 70 les Nègres ressemblent à ceux que les habitants du centre de l’Espagne ont l’ha¬

552 1023 751 67 bitude de faire figurer sur leurs poignards.

593 1069 1324 65 Le travail de la poterie existe chez les Nègres, surtout dans le Haussa; mais

549 1113 1368 68 les poteries qu'ile fabriquent sont tout à fait d’une qualité inférieure. Sur la

552 1166 1368 64 côte d’Or, on trouve des pots en terre cuite au feu. Les Bullames appliquent

555 1219 1125 58 sur les poteries une espèce de vernis qui les rend imperméables.

599 1262 1327 65 A Bagliami et à Bornou, il existe des teintureries d’indigo, mais elles sont

549 1306 488 62 aux mains des étrangers (3).

599 1356 1321 64 Les travaux en cuir atteignent une certaine supériorité chez les habitants du

552 1394 1371 70 Bambara. Dans le Darfour pays où règnent un certain luxe et une industrie

552 1455 1134 62 plus active que dans le Ouadey, la tannerie est assez en honneur.

602 1502 1324 59 A Agadès, les travaux en cuir sont faits par des femmes, excepté les tra¬

549 1546 827 61 vaux de sellerie qui reviennent aux hommes (4).

590 1593 1333 58 Dans le Kouranko et au Congo, les hommes se réservent les travaux de

558 1642 1365 59 couture et de tissage (5). Dans le pays des Mandingues, les hommes tissent l’étoffe

549 1683 1374 65 de coton et les femmes la teignent. Les ouvrages sortis des tisseries des Yolofs

552 1739 1371 58 sont plus fins que les étoffes dont nous venons de parler. Les tisseurs du pays

546 1780 1371 61 des Serrakolets sont bien supérieurs à leurs voisins. Les Bullames montrent.

546 1827 1368 61 dans ces deux métiers, une application qui ne le cède en rien à leur habileté.

552 1870 1368 68 Les étoffes fabriquées dans Aschanti ce distinguent par leur finesse et leur va¬

558 1926 1365 58 riété, et par la beauté et la stabilité de leurs couleurs. Elles sont fabriquées

549 1970 1371 61 avec une navette qui ressemble tout à fait à la navette anglaise (6). Dans d’autres

558 2020 1365 64 parties de l’Afrique, le procédé est tout à fait primitif; dans le Loango, par

552 2063 1371 59 exemple, on tisse seulement avec la main (7). Partout la navette est beaucoup

552 2116 1374 61 plus étroite que celles employées en Europe, et, dans le Bamhara, elle n'a pas

552 2160 1371 70 plus de 9 centimètres de largeur. Dans Egga, où l'on emploie jusqu’à deux cents

558 2210 1368 58 navettes, l'étoffe, quoique ayant une longueur de 50 à 60 yards, n'a qu’une lar¬

552 2259 1371 62 geur de quelques centimètres; on tisse, en cet endroit, des étoffes blanches,

555 2303 1371 59 rayées bleu et rouge, et la teinture la plus employée est celle de l’indigo. Les

555 2347 1371 61 meilleures étoffes de toute la contrée sont fabriquées chez les Tyros, et les tis¬

549 2397 1374 61 series des Yebus sont exportées dans les pays voisins et au Brésil, pour l’hahil¬

555 2438 1371 70 lement des esclaves. Ils teignent ces étoffes de toutes les couleurs, bleu, blanc,

608 2540 1017 70 (1) Mohammed et Tounsy, Voyage au Ouadey, Perron et Jomard, p. 277.

616 2584 182 61 (2) T. I, p. 98.

610 2619 354 61 (3) Barth, t. III, p. 523.

616 2654 299 67 (4) Barth. t. I. p. 497

613 2692 1003 64 (5) Douville, Voyage du Congo et dans l'Afrique équatoriale, 1828-1830.

602 2733 789 64 (6) Stutton, A voyage to Africa (London 182), p. 328.

590 2771 1339 70 (7) Proyart, Histoire de Loango, Kakongo et autres royaumes d’Afrique (Paris, 1776), p. 106.

967 3385 547 64 Droits reservés au Cnam et à ses partenaires
