2479 3508
1140 575 207 68 243

552 637 1371 76 Ie développement du commerce. Cela nous importe peu. Ce qu’il est plus pré¬

561 701 1362 59 cieux de connaître pour nous, c'est le travail auquel s'astreignent les indi¬

558 742 1362 64 gènes en vue du commerce; c’est la manière dont ils l'exercent, c’est l'in¬

555 792 1371 61 fluence que peut avoir sur toute leur vie l’introduction dans leur pays d’une

555 836 555 61 nouvelle branche de commerce.

602 879 1321 65 Chez les Nègres, le commerce par eau est très peu développé. Il y a cepen¬

555 929 1362 62 dant des exceptions en assez grand nombre, et nous devons en tenir compte.

555 973 1362 64 Sur beaucoup de points du fleuve Niger on n’a que de mauvais canots

558 1026 1362 61 pour faire le trajet d’un point à un autre. Mais dans la région de Jenné

555 1072 1362 59 et de Tombouctou, le commerce du fleuve est très considérable, et tous les

558 1119 1362 62 voyageurs qui ont parcouru ces pays au siècle dernier nous assurent que le

558 1166 1359 61 nombre de barques à voiles employées pour le commerce dans ces contrées

558 1210 1362 64 pour le district de Haussa, a surpassé celui que l’on voyait à Rosette et au

555 1257 1365 64 Caire. Le curieux voyageur Callié (1) a vu des pirogues de 12, 15 et jusqu’à

555 1303 1365 65 60 tonnes. Ces petits vaisseaux sont faits avec des planches sciées et conso¬

558 1341 1362 73 lidées entre elles par des cordes de chanvre: elles n'ont ni voiles ni gouver¬

558 1400 1362 61 nail, on les pousse avec des perches ou des rames. Entre Jenné et Tom¬

558 1444 1359 67 bouctou, on voit quelquefois jusqu’à 60 et 80 semblables navires, et l'on est

555 1490 1368 65 tenté de se demander si l'on ne se trouve pas dans un port européen. Dans le

552 1540 1371 59 cours inférieur du Niger, au delà de Kakandé, on trouve des canots qui ont

561 1590 1362 61 plus de 50 mètres de longueur; il en est de même dans le Rabba; dans le

558 1631 1365 67 Bénin, il y a des pirogues qui ont la même longueur et une largeur de

555 1680 1368 62 10 mètres. A Bonny, les plus grands peuvent renfermer de 90 à 100 hommes.

552 1727 1371 62 Ces pirogues sont d’un seul morceau, un tronc d’arbre que l'on a creusé, et

558 1780 1365 64 possèdent une voile. Les canots de Fernando-Pô, au contraire, sont très mau¬

558 1830 1365 55 vais; les Nègres de ces contrées n’étant ni pêcheurs ni nageurs. Il en est

555 1873 1368 62 de même chez les Nègres du delta du fleuve Niger, chez les habitants du Sé¬

549 1920 1374 59 négal inférieur, chez les Papous, chez les Nègres de la côte d’Or et de Lo¬

549 1967 1374 61 canda. Les Grebos, à l'ouest du cap Palmas, different beaucoup des habitants

546 2011 1374 61 des îles de la mer méridionale; ils vont aussi sûrement dans l’eau que sur

552 2055 1371 67 la terre ferme. Quand leurs canots se renversent, ils s'empressent de se

555 2110 1371 59 mettre à la recherche des objets perdus. Aussi sont-ils très habiles dans l’art

552 2160 1371 55 de plonger, et, par suite de ces habitudes, ils parviennent à rester jusqu’à

555 2201 1368 64 50 secondes sous l’eau. Comme eux, les Papous de Bawerel et les Nègres de

555 2248 1368 64 Cabinda ce louent comme marins aux commerçants européens, dans le but de

558 2297 1362 65 gagner de l’argent (2). Les Grebos sont marins, ils restent pendant six et même

552 2347 1368 58 dix ans à l'étranger. Ils vont à Bonny, à Fernando-Pô et quelquefois même

552 2394 1362 58 en Angleterre. Ils sont taciturnes et gardent une amitié étroite et sincère à

552 2440 1368 59 ceux qui leur ont rendu service. On les estime beaucoup comme ouvriers infa¬

555 2484 1359 62 tigables et persévérant. Malgré leur désir de gagner beaucoup d’argent et leur

549 2531 1365 59 envie de revenir dans leur patrie, ils sont assez honnêtes. Dans leur pays, où

549 2572 1362 64 ils servent souvent comme courtiers, ils sont malhonnêtes et querelleurs (3).

546 2619 1371 67 Leurs canots sont de simples troncs d’arbres creusés; ils naviguent au moyen

605 2689 456 143 (1) T. II, p. 214, 227-234, 240.

593 2727 1286 111 (2) M. Bertrand-Bocandé, dans le Bulletin de la Société de Géographie, 1849, t. II, p. 340.

599 2765 1163 67 (3)Stolman, A Voyage round the World, 1827-1832 (London, 1834), t. I, p. 191.

1704 2847 67 58 16.

958 3379 547 70 Droits reservés au Cnam et à ses partenaires
