2479 3508
1137 575 219 68 234

570 651 1365 65 que le Congrès vient d’entendre avec intérêt, nous passerons à un autre mé¬

572 704 120 58 moire.

616 745 1316 73 La parole est à M. le Secrétaire adjoint pour la communication d’une étude

564 798 935 67 de M. Guillien sur la civilisation des peuples nègres.

800 941 892 73 LES VILLES NEGRES ET LEUR COMMERCE,

1081 1040 330 62 PAR M. GUILLIEN.

605 1143 1318 76 Celui qui parcourt les pays des Nègres est frappé de la grandeur des villes,

552 1195 1377 62 qui provient tout à la fois d’une étendue considérable de territoire et d’un

555 1245 1371 58 nombre vraiment étonnant d’habitants. Au premier abord, on est tenté de croire

561 1295 1368 55 que l’importance commerciale est en raison de l’étendue du territoire et du

561 1338 1365 62 nombre dos habitants, mais il n’en est rien. Quelle est donc la raison de cette

561 1379 1365 68 infériorité du commerce dans ces villes immenses? On en trouve l’explica¬

561 1435 1368 58 tion dans le peu de sûreté que l'on rencontre généralement dans les pays des

561 1476 1362 64 Nègres et dans leurs guerres continuelles. Les saisons y sont aussi pour beau¬

561 1531 1365 56 coup. Toutes ces villes sont cependant commerçantes; mais encore le com¬

561 1575 1362 59 merce y dépend-il surtout du nombre des étrangers qui visitent ces régions (1).

608 1622 1318 58 Avant d’entrer plus avant dans la question, jetons un rapide coup d’œil sur

558 1654 1368 73 l'état de la population de ces contrées. Dans le royaume de Bornou, on trouve

561 1707 1362 67 beaucoup de villes de 10, 000 à 30, 000 habitants (2). La population de Kano

558 1765 1365 56 et de Zaria a été taxée par M. Clapperton (3) à 40, 000 ou 50, 000 habitants.

561 1800 1362 70 Rabat, située sur les bords du fleuve du Niger, renferme à peu près le même

558 1859 1365 55 nombre d’habitants (4). Bénin, qui est entourée par un fossé qui a plus de

555 1900 1365 61 20 mètres de largeur et autant de profondeur, renferme 80, 000 habitants.

549 1941 1371 67 Tombouctou, qui, d’après Abd-Salam-Shabeeny (5), ne compterait guère que

543 1996 1374 62 40, 000 habitants, parmi lesquels 10, 000 étrangers venant principalement de

546 2037 1374 64 Fez et du Maroc, était, dans un temps peu éloigné de nous, bien plus con¬

546 2087 1371 61 sidérable. Néanmoins, il résulte des rapports des voyageurs qui ont parcouru

552 2142 1365 56 ces contrées, ces derniéres années, que cette ville n’a pas aujourd’hui une

549 2186 1368 64 plus grande importance que d’autres grandes villes qui sont des centres de

549 2236 1371 55 commerce importants. Suivant feu M. le professeur Henri Barth, la ville n'a

549 2283 1368 61 pas plus de 13, 000 habitants résidants et 5, 000 à 10, 000 étrangers (6). Les

546 2321 1371 64 murailles qui entouraient la ville sont complètement en ruines. Les rues sont

543 2367 1374 68 faites de sable durci; quelques-unes possèdent, dans le milieu, un canal pour

581 2464 1336 67 (1) C. Richardson, Narrative of a mission to Central Africa, 1850-1851. (London, 1853),

549 2508 67 87 p. 79.

578 2522 1155 79 (2) Tagebuch seine zweiten Reise nebst dem Tagebuche der R. Lander Thimer, 1830.

587 2575 1316 67 (3) Ce travail a été composé à l'aide de documents en partie inédits et provenant des archives

581 2654 1336 64 (4) Laird and Oldfuld, Narrative of an expedition into the interior of Africa, 1852-1854 (London,

540 2698 293 73 1857), t. II. p 85.

596 2727 903 111 (5) Account of Timbuctoo and Houra, by Jackson (London, 1820).

596 2777 663 52 (6) Voir t. IV, p. 487, et le plan de cette ville.

958 3379 556 67 Droits reservés au Cnam et à ses partenaires
