2479 3508
1125 575 213 65 244

549 648 1359 65 de ces frêles embarcations, de leur pays jusqu’à Sierra-Leone. Les habitants

552 701 1356 59 des îles des Bessagos, qui s'occupent presque exclusivement de la construction

546 742 1365 61 des canots, sont aussi d’excellents marins (1), suivant Lopez de Lima. Aussi, les

549 780 1365 73 Nègres et les Malais de l'île de Gorée s'occupent-ils uniquement de la naviga¬

546 836 1365 61 tion; ils exercent le commerce le long des côtes sur de jolies petites goélettes,

546 882 1368 59 et vont principalement aux îles du cap Vert. Dans l’Axra, on a trouvé des

546 929 1368 62 canots qui avaient une longueur de 30 mètres sur 6 de largeur. Les Nègres

546 976 1368 61 de Cabinda construisent avec de mauvais outils de très beaux navires, dont

549 1029 1368 58 quelques-uns transportent jusqu’à 400 et 500 nègres au Brésil. M. Cavazzi

549 1072 1368 62 parle de canots construits, au Congo, avec des troncs d’arbres, et qui ont

552 1122 1362 59 une longueur de 200 mètres, liés ensemble comme des pontons. M. Lopez

546 1163 1368 67 cite des batailles navales livrées par les indigènes sur de semblables embarca¬

546 1210 111 61 tions.

590 1257 1324 64 Il ne faudrait pas croire que le commerce fût absolument livré à Iui-même;

543 1303 1374 65 il existe une administration pour en faciliter l’activité. Dans le Logoun et dans

549 1353 1365 61 les pays voisins, on trouve des employés particuliérement chargés de l'in¬

552 1406 1368 55 spection des bâtiments; dans chaque village, l’administrateur place un agent

546 1444 1371 61 chargé d’écouter les plaintes et de régler les différends (2). M. Caillé (3) raconte

549 1493 1371 62 que dans le district de Bambara, il existe à l'entrée de chaque village un

552 1546 1126 64 percepteur qui reçoit, comme impôts des voyageurs, des cauris.

599 1581 1324 70 Nous venons de voir ce dont sont capables les Nègres; ils travaillent, mais

549 1637 848 61 leur travail n’est malheureusement pas organisé.

593 1677 1327 65 Dans chaque village du pays des Mandingues, il y a des ouvriers qui tra¬

561 1733 1359 59 vaillent le fer et le cuivre comme des ouvriers particuliers, tandis que la

555 1780 1365 58 couture, le tissage et la teinturerie ne sont exercés que suivant les besoins.

546 1818 1371 70 Les orateurs et les chanteurs forment des classes à part. Chez les Yolofs, il y

546 1870 1374 59 a des forgerons particuliers, des tisseurs, des cordonniers, mais ces ouvriers

558 1920 1368 59 sont en butte au mépris de tous. Chez les Gabons, on trouve des forgerons et

549 1964 1374 58 des ouvriers qui travaillent le bois et le cuir (4). On se livre aussi à l’agricul¬

558 2014 1365 61 ture, à la chasse et à la pêche. Plusieurs peuples de Nègres nous offrent des

552 2060 1371 62 exemples frappants de la connexion entre l’occupation principale d’un peuple

558 2113 1371 56 et son caractère national. A Widah, il y a comme deux générations remar¬

561 2157 1365 58 quables par leur ardeur au travail, l'une pour le commerce, l’autre pour l’agri¬

555 2198 1371 61 culture. Mais ces peuples sont peureux et ignorants de l'art de la guerre, au

561 2250 1365 65 point qu’en 1726; 200 guerriers de Dahomey réussirent à les chasser de leur

558 2294 1368 62 pays. Les habitants de Bamhouk, qui cherchent l'or dans les mines, sont

555 2338 1371 64 aussi réputés comme très lâches. Les Nègres du Yarriba sont essentiellement

555 2385 1368 64 commerçants, tandis que les habitants de Borgou sont des guerriers coura¬

561 2435 1365 64 geux et orgueilleux. Les Achantis, peuplade conquérante, ne pratiquent pas

555 2481 1371 62 le commerce, dans la crainte qu’il n’amollisse et n'émousse leur esprit guer¬

555 2528 1371 62 rier. Acheter, pour eux, est une occupation trop opposée à leurs instincts

555 2569 1371 73 belliqueux, pour qu’ils comprennent qu’une personne puisse acheter ce dont

613 2692 509 67 (2) Barth, Voyages, t. III, p. 321.

590 2730 333 55 (3) T. II, p. 103 et suiv.

628 2759 1280 76 (4) Mémoires de la Société d’Ethnographie, t. II, p. 77 (sur le pays et le peuple des Gabons).

967 3385 544 64 Droits reservés au Cnam et à ces partenaires

596 2645 839 97 (1) Bulletin de la Société de Géographie, 1846, t. I, p. 154.
