2479 3508
1137 575 213 68 240

561 643 1371 70 jaune, rouge, cramoisi et vert (1). Dans le Congo, on prépare aussi de très

561 695 1365 62 belles étoffes. Les teintureries de la Haussa et de Kano (2), qui étaient si renom¬

564 748 1359 58 mées il y a un siècle, sont complétement perdues. C’est à peine si on en a con¬

567 795 1359 61 servé le souvenir dans la capitale moderne. Cependant MM. Ledyard et Lucas (3)

561 836 1365 64 mentionnent une étoffe de coton très fine et teinte supérieurement au moyen d’in¬

561 882 1365 65 digo et de calicot tissé dans le Bornou. Logour renferme des tisseries et des tein¬

561 929 1365 64 rureries remarquables; toute fois, les teintureries de Kano l’emportent sur celles

558 976 1371 67 de ce dernier pays. C’est dans le Dahomey que les Nègres emploient une sorte

552 1026 661 64 de teinture partieulierement durable.

602 1069 1327 65 Les Nègres du Bambouk se livrent à l’extraction de l'or. Les mines d’or sont

561 1119 1365 64 la propriété de tout le monde; elles consistent dans des puits étroits et mal

555 1166 1371 61 aérés, qui n’ont pas plus de 30 à 40 mètres de profondeur (4). La plus grande

561 1221 1365 62 partie des puits n’ont même qu’une profondeur de 20 à 25 mètres et une

555 1262 1368 59 étendue de 10 à 12 mètres. On y descend par des escaliers ou des échelles en

555 1309 1371 59 mauvais état, qui sont, non pas verticales, mais penchées et appuyées sur des

555 1347 1371 70 bois placés en travers et attachés aux parois du puits. L’administration de ces

555 1403 1003 61 mines est tout ce qu’on peut imaginer de plus imparfait.

605 1449 1321 65 Le commerce est la passion dominante des Nègres: ce sont généralement

561 1502 1362 59 des marchands entêtés, industrieux et sérieux. Les marchandises anglaises im¬

558 1543 1365 64 portées dans le territoire de Mombara sont revendues, par les indigènes, dans le

555 1590 1371 61 district de Mogador (5). On a fait de semblables observations sur la côte orien¬

555 1637 938 61 tale et occidentale de l'Afrique, au sud de l'équateur.

599 1686 1321 62 Nous avons successivement vu les sources de l’industrie, ce que les Nègres

552 1730 1371 62 savent tirer des ressources que leur fournit leur pays; nous avons vu les

558 1777 1362 64 principales branches du commerce; nous allons maintenant jeter un coup.

555 1830 1368 58 d’œil rapide sur l’ensemble de toutes ces contrées, qui nous sont encore incon¬

555 1876 1368 59 nues sous tant de rapports, nous bornant à citer les villes principales: Tom¬

546 1920 1368 62 bouctou, que ses rues principales coupent dans toute ca largeur; Saouranding,

552 1973 1368 58 dont le plus grand marché a été décrit, pour la première fois, par Mungo¬

555 2011 1365 67 Park, dans le but de mettre au grand jour l’inclination prépondérante des

558 2058 1362 67 Nègres au commerce. Ils y développent une activité étonnante. Ils ne se lassent

552 2110 1032 64 jamais; ils montrent, au contraire, une persévérance rare.

596 2154 1321 64 Toutes les places d’une importance analogue à celle des villes que nous

549 2204 1365 61 venons de mentionner ont leurs marchés réguliers; sur la côte d’Or, chaque

549 2250 1362 62 village a son marché. Dans le Bondou, le Fonta et dans le pays des Mandingues,

546 2297 1365 59 leur le fleuve de Gambia, ces marchés n’existent pas; mais on en trouve dans

546 2335 1371 67 le Kaarta. On cet tout d'abord étonné de voir que les grands fleuves ne sont

549 2391 1362 64 pas utilisés pour le commerce; mais les guerres continuelles, de peuplade à

546 2432 1365 79 peuplade, et la traite des esclaves, encore très commune, nous donnent la clef

552 2490 1362 59 de cette situation. Le troc se fait d’une manière singulière sur les bords du

543 2525 1371 70 Niger. Le vendeur place sa marchandise à terre, à une place déterminée, puis

578 2619 1000 64 (1) D’Avezac, dans les Mémoires de la Société d’Ethnologie, t. II, p. 68.

584 2657 339 61 (2) Barth, t. II. p. 144.

587 2695 833 61 (3) Voyages en Afrique, trad. par Lallemant (Paris, 1804).

622 2739 880 55 (4) Coste, Voyage au pays de Bambouk (Bruxelles, 1789), p. 25.

584 2768 757 67 (5) Stokes, Discoverie in Australia, 1846, t. I. p. 34.

958 3379 550 67 Droits reservés au Cnam et à ses partenaires
