2479 3508
1125 572 222 71 236

599 646 1327 64 Quelques voyageurs mentionnent une route large de 4 mètres, tracée au

549 698 564 64 milieu d’un pays marécageux (1).

596 745 1327 58 On trouve des ponts dans le pays des Mandingues. Dans son deuxième

561 798 1359 58 voyage, Mungo-Park nous donne la description d’un de ces ponts et nous en a

561 833 1362 67 rapporté un fac-similé. M. Caillé (2) lui assigne une longueur de 40 à 45 pas

558 885 1365 62 sur 6 ou 7 de large. De nombreux voyageurs mentionnent l'existence de ponts

558 929 1365 64 Semblables sur le fleuve de Tingalinta (3), sur une branche du fleuve Nûnez et

561 982 1362 61 dans le pays de Yarriba (4); M. Duncan raconte que l'établissement des ponts

552 1026 1374 64 suspendus est généralement répandu dans le royaume de Dahomey et dans

549 1069 298 65 les pays voisins.

602 1119 1327 64 Un de ces ponts attire surtout notre attention; il a 300 pas de longueur et

555 1172 810 58 se compose de branchages artistement tressés.

599 1216 1327 61 Creuser des puits, construire une route au milieu de marais, jeter des ponts

549 1262 1377 68 sur des rivières, tout cela dénote une très grande habileté de mains chez les

552 1309 1371 62 Nègres. Pour s’en pénétrer davantage encore, nous n'avons qu’à lire le livre de

552 1353 1374 67 M. Golberry, dans lequel il nous donne de curieux détails sur la fabrication de

558 1409 1368 58 différents objets de quincaillerie avec un couteau de forte dimension, unique

552 1449 1371 65 instrument dont ils disposent. Les Nègres de la côte du Nord sont beaucoup

555 1496 1368 62 plus adroits que ceux de l’Ouest, mais ils ont moins de force musculaire.

552 1546 1371 61 Plus habiles dans les arts mécaniques, les premiers savent arranger leur vie

552 1599 1371 55 d’une maniére plus commode que les autres, grâce au commerce fréquent

555 1642 1371 59 qu’ils ont avec les Européens aur lesquels ils se reglent en général. Une grande

546 1686 1377 65 preuve de leur habileté, c’est qu’ils savent très bien préparer le platine (5) Sur le

552 1739 1374 55 fleuve Gabon, il y a des indigènes qui ont acquis une telle expérience qu’ils

546 1783 1374 58 savent remonter, après les avoir démontées, et même réparer, les montres

552 1827 1368 61 importées par les Américains (6). Chose singulière! dans leurs échanges com¬

555 1879 1365 59 merciaux, ce que les Nègres aiment le plus à se procurer sont des choses de

555 1923 1365 61 moindre importance, telles que du savon, de la poudre et du miel, enfin du sel

558 1967 1359 64 qu’ils regardent comme un objet de la plus grande valeur. Comme industrie,

555 2020 1365 58 on cite, en première ligne, les travaux de fer et d’or, les tisseries et les tein¬

549 2060 1374 62 tureries. Le savon est préparé dans le pays des Mandingues comme dans

555 2104 272 65 le Kordofan (7).

590 2151 1336 64 Le savon fabriqué dans le pays de Bornou est mauvais (8); celui des côtes

558 2359 1345 61 Journal d'un voyage à Tombouctou et à Jenné, 1824-1828 (Paris, 1830), t. II, p. 114, 136,

561 2400 131 55 176, etc.

608 2432 374 58 (2) Tome I. p. 324 et suiv.

593 2464 322 61 (3) Gray and Dochard.

610 2502 1263 61 (4) Voir les frères Lander, t. I, p. 10 - Nous mentionnerons aussi, à ce sujet, le voyage de

575 2540 898 73 M. Douville au Congo et dans l'Afrique équinoxiale (1828-1830).

599 2581 780 61 (5) Voyage dans l'Afrique centrale (1845), t. II, p. 202.

596 2613 1216 67 (6) Pour plus de détails, voir l'Histoire générale des royaumes du monde, t. Ill, p. 464.

596 2654 1064 64 (7) Voir Wilson, Western Africa, into history, condition and prospects, p. 262.

578 2689 1336 70 (8) Caillé, Journal d’un voyage à Tombouctou et à Jenné, 1824-1828 (Paris, 1830), t. II. p. 114.

596 2727 1304 96 (9) Denham, Oapperton and Oudney, Narrative of trade in Central Africa, 1822-1824 (2e éd.,

543 2771 1325 67 Londres. 1826). t. II. p. 156; Bosmann, Viaggio in Guinea (Venezia, 1752), t. III, p. 289.

958 3379 553 67 Droits reservés au Cnam et à ces partenaires

549 2207 506 61 de Guinée est le meilleur (9).

587 2309 1333 47 (1) Raffenel, Voyage dans l'Afrique occidentale, 1843-1844 (Paris, 1846), p. 456-460; Caillé.
