2479 3508
1128 596 210 50 241

552 646 1362 70 il se retire; alors une autre personne paraît et place près de la marchandise

546 698 1368 62 ce qu’elle a cru pouvoir en donner, et elle se retire pour attendre si son offre a

546 745 1368 61 été oui ou non acceptée; dans le dernier cas, elle se décide à donner, sinon elle

552 798 1362 58 reprend son argent. Dans le district de Fernando-Pô, une ligne est tracée dans

546 833 1368 67 le sable; sur ces deux côtés on place les marchandises à vendre, et le même

549 885 1362 65 procédé est employé (1). Nous ne devons donc pas nous étonner du peu d’en¬

546 932 1368 61 train que mettent les Nègres à conclure les mêmes alliances de commerce

546 979 1371 64 que celles décrites, par M. Laing (2), comme se faisant chez les Mandingues

546 1029 541 61 de Kouranko et de Soulimana.

593 1067 1321 67 Dans le Bornou, le commerce n'est pas aux mains des indigènes, mais presque

549 1119 1368 62 exclusivement dans celles des Maures. Le commerce du Ouadey est exercé

546 1166 1368 73 par les Djellabs étrangers. Dans beaucoup de pays, les rois accaparent tout

546 1216 1371 58 le commerce; ailleurs, ce sont des gens riches. Le développement du com¬

555 1265 1362 59 merce est tout à fait inférieur en Afrique. Mais dans presque tous les pays des

552 1306 1365 65 Nègres, ils ont un moyen de change: une espèce de monnaie. Sur la côte de

552 1350 1368 67 Guinée, il y a plus de trois cents ans qu’ils connaissent des poids et des me¬

546 1403 117 58 sures.

593 1447 1327 61 A Tombouclou (3), il y a de l'or et surtout du gel, que l'on troque contre

543 1493 1377 62 l'étoffe de coton. Ce sont là les sources principales du commerce dans ce

552 1546 1362 70 pays; on fait usage de poids de bois et de fer; il n’y a pas que l'or que l'on

552 1590 1365 61 pèse; on pèse toutes sortes d’objets sur le marché garni de provisions ame¬

549 1634 1368 64 nées de Kakandé. Chez les Mandingues et chez les Foulahs, on trouve des voitures

549 1683 883 65 très commodément arrangées par les indigènes (4).

593 1730 1327 64 Dans les pays situés à l’embouchure du Congo, les marchés se concluent

555 1783 1365 58 définitivement de la manière suivante: les acheteurs et les vendeurs déchirent

549 1827 1365 64 ensemble une tige d’herbe ou une feuille, ce qui est, en général, la forme la

552 1870 1368 65 plus solennelle du serment (5). Chez les Mandingues, l'objet vendu doit être

555 1923 1222 59 restitué au vendeur, si celui-ci le réclame le jour même de la vente (6)

605 1964 1312 67 Nous avons vu que des échanges avaient lieu dans le pays des Nègres.

555 2005 1362 70 Mais ce n'est pas toujours au moyen d’échanges qu’a lieu le commerce. Il ne

558 2063 1359 62 nous semble donc pas inutile de dire ici quelques mots des monnaies générale¬

555 2110 1023 62 ment employées dans les différentes contrées de l'Afrique.

590 2157 1330 55 Dans le Bornou, ce sont des coquillages qui servent de monnaies; les

546 2204 1368 58 écus autrichiens circulent en assez grande quantité dans la capitale (7).

558 2239 1359 70 Il y a, en outre, des étoffes de coton d’espèce certaine et de grandeur

546 2297 1371 59 fixée, comme à Loango (8). Dans le Logoun, il existe des plaques de fer en

549 2341 1365 70 forme de fer à cheval, dont la valeur a été fixée par le sultan. Au Ouadey,

593 2464 1079 64 (1) Smith, Trade and Travels in the gulf of Guinea (London, 1856), p. 203.

610 2499 1053 70 (2) Voyage dans le Timanni, le Kouranko et le Soulimana, 1822 (Paris, 1826).

596 2540 435 64 (3) Barth, Voyages, t. V, p. 17.

599 2575 1315 73 (4) Caillé, Journal d’un voyage à Tombouctou et à Jenné, 1824-1828 (Paris, 1830), t. 1,

555 2622 114 79 p. 391.

584 2654 1243 114 (5) Tuckey, Narration of an expedition to explore the R. Zaire, in 1816 (London, 1818).

584 2695 895 61 (6) Moore, Travels into the inland parts of Africa, 1730, p.87.

599 2733 432 64 (7) Barth, lib. cit., t. II, p. 374.

631 2771 1301 61 (8) Proyart, Histoire de Loango, Kakongo et autres royaumes d’Afrique (Paris, 1776), p. 106.

672 2838 93 61 N° 5.

961 3379 553 64 Droits reservés au Cnam et à ses partenaires

1724 2832 68 67 16
