2479 3508
1125 575 213 68 245

546 643 1374 67 elle n'a pas besoin. Les Serrakolets, les plus civilisés de tous les Nègres (1), ne

546 695 1371 62 se livrent pas à la chasse, mais à la pêche, à l’agriculture et à la culture du

546 742 1368 61 coton et de l’indigo. Ce sont des ouvriers habiles et des commerçants très

546 789 1371 61 expérimentés. Tantôt marchands, tantôt courtiers, ils voyagent d’un pays à

546 836 1371 61 un autre. Ils s’occupent volontiers du commerce et vivent dans la plus

543 882 1371 68 grande tranquillité et dans une parfaite liberté. Leurs progrès ont été lents,

546 932 1371 59 mais considérables surtout sous le rapport de la culture intellectuelle. Ils

543 979 366 58 savent lire et écrire.

593 1031 1327 65 Ces renseignements sont très incomplets, quelques-uns même ne sont pas

552 1081 1368 62 prouvés; mais ils montrent suffisamment que ce qui manque aux Nègres, ce

546 1125 1371 61 n'est ni l’intelligence ni l'activité, mais plutôt la culture et la civilisation. N'en

552 1178 1368 58 doutons pas, le jour n’est pas éloigné où cette maxime des ethnographes: Cor¬

546 1219 1374 64 pore diversi sed mentis lumine fratres, se trouvera justifiée et où les hommes à peau

552 1271 1049 62 noire pourront marcher de pair avec ceux à peau blanche!

602 1365 1321 67 M. LE PRESIDENT. La parole est à M. de Rosny pour une communication

552 1420 687 62 sur la civilisation antique du Yucatan.

654 1555 1167 67 LA CIVILISATION ANTIQUE DE L’AMERIQUE CENTRALE,

1014 1642 441 62 PAR M. LEON DE ROSNY.

590 1844 1330 64 Les progrès de l'américanisme élargissent de jour en jour l'aire de la civili¬

549 1891 1368 61 sation, dans l’Amérique antécolombienne. Cependant, Si l'on jette les yeux

552 1946 1371 56 sur la carte du nouveau monde, on est étonné de voir combien sont encore

546 1987 1374 62 étroites les contrées de ce vaste hémisphère, au sein desquelles le peuple indi¬

552 2037 1371 64 gène a su jadis s'affranchir des langes de la barbarie. En dehors d’une partie du

552 2084 1371 58 Mexique, des petits Etats de la région isthmique et du territoire de l’ancien

552 2125 1374 64 Pérou, il n’est guère possible de trouver autre chose que des régions occupées

549 2172 1333 64 par des peuplades à demi civilisées, ou parfois même absolument sauvages.

593 2221 1333 59 Cette infériorité, au moins apparente du monde américain sur le monde

555 2274 1371 55 européen et oriental, a frappé l’attention des ethnographes; ils se sont de¬

546 2318 1377 58 mandé s’il fallait voir, dans cette masse de populations incultes au delà de

546 2359 1377 61 l'Atlantique, des nations à l'état primitif, ou des sociétés tombées, à la suite

546 2405 1371 62 d’événements inconnus, dans la décadence la plus profonde et la plus abjecte.

549 2455 1374 61 La tendance des savants a été généralement de croire à cette dernière alterna¬

549 2502 1377 61 tive; mais, malgré quelques affirmations prématurées, l’absence de données

549 2549 1377 61 suffisantes a laissé jusqu’à présent la question en suspens. L’américanisme est

552 2598 1374 62 donc réduit à compter au nouveau monde trois foyers de civilisation, situés

546 2642 681 65 au Mexique, au Yucatan et au Pérou.

1216 1748 32 73 I.

596 2739 307 70 (1) Saugnier. p. 264.

958 3379 553 67 Droits reservés au Cnam et à ses partenaires
