2480 3507
1134 578 214 67 — 169 —

602 645 1325 68 L’histoire naturelle, l’anthropologie, qui se sont surtout préoccupées des

555 695 1363 64 races, ont trouvé en Asie les variétés les plus nombreuses de l’espèce humaine :

561 742 1360 67 la race blanche, la race jaune, la race brune, la race noire. Il n’y manque guère

555 794 933 62 que la race rouge, spéciale à l’hémisphère américain.

599 829 1322 68 La linguistique y a constaté l’existence de quelques grandes familles : la fa-

561 891 1360 58 mille dite aryenne, la famille dite sémitique, un ensemble d’idiomes qu’on a es-

555 932 1363 61 sayé de grouper dans une prétendue famille touranienne, et enfin une foule de

558 970 1360 73 langues qui n’ont pas semblé de nature à former d’autres groupes homogènes

555 1025 1366 65 et qu’il n’a pas paru possible de rattacher à aucune des familles que je viens

549 1072 228 59 d’énumérer.

599 1116 1319 64 En dehors de la couleur de la peau, l’anthropologie n’a trouvé en Asie,

555 1166 1363 61 malgré ses recherches patientes et minutieuses, souvent même trop minu-

555 1212 1363 59 tieuses, — je tiens à le dire, — aucun élément caractéristique qui fût de

555 1256 1363 67 nature à permettre une classification claire et précise ; lorsqu’elle a adopté

552 1309 1366 58 d’autres divisions que celles résultant de la couleur de la peau, elle les a

561 1358 1363 59 empruntées à la linguistique presque toujours, à l’histoire et à l’ethnogra-

558 1408 1363 62 phie bien souvent. La dénomination d’Aryens, de Sémites, de Touraniens,

552 1449 1369 59 de Mongols, de Dravidiens, ne repose point sur des données anatomiques

552 1496 1372 58 ou anthropomorphiques. L’anthropologie n’a point établi un tableau des ca-

558 1548 1366 59 ractères de race, dans lequel elle aurait réparti les divers groupes de popu-

555 1586 1363 71 lation : elle a accepté a priori les divisions de l’ethnographie et de l’histoire ;

555 1642 1372 58 et, seulement après, elle a recherché si ces divisions répondaient à des dif-

555 1686 1369 61 férences de structure ostéologique de nature à constituer des rameaux dis-

552 1733 1369 61 tincts de l’espèce humaine ; elle a recueilli beaucoup d’observations intéres-

558 1785 1366 59 santes, mais aucune donnée générale sur laquelle elle ait pu fonder un essai

552 1826 299 59 de classification.

602 1870 1319 67 Il faut reconnaître que la linguistique a été plus heureuse. Les recherches

561 1923 1360 61 des philologues, non moins précises que celles des anthropologistes, ont mis

558 1972 1366 59 en lumière une foule de faits et de principes sur lesquels ont pu être basés

552 2016 1369 61 d’une façon solide et durable les éléments de la classification d’un grand nombre

555 2066 1369 58 d’idiomes du continent asiatique. L’autonomie de la famille des langues sémi-

558 2112 1363 62 tiques, par exemple, sa remarquable homogénéité, les lois de son phonétisme

561 2159 1360 62 et de ses évolutions lexicographiques, ont été fixées de la manière la plus rigou-

552 2203 1372 61 reuse. Le travail n’est pas entièrement accompli, puisqu’il reste des idiomes tels

555 2253 1369 64 que le copte, dont la parenté avec l’hébreu, le syriaque et l’éthiopien n’est pas

549 2302 1372 59 suffisamment établie. On ne peut nier que la philologie sémitique ne nous ait

549 2343 1372 62 fourni des indications d’une clarté incontestable, qu’elle n’ait délimité à peu de

549 2393 1369 58 chose près son domaine, qu’elle n’ait tracé une voie de recherches dans la-

555 2437 1369 67 quelle les progrès sont constants et à l’abri de tout scepticisme de la part des

558 2492 307 56 savants autorisés.

593 2527 1331 65 La découverte du sanscrit, car la connaissance du sanscrit, comme l’a fort

552 2580 1369 64 bien dit notre savant collègue M. Ed. Dulaurier, a été une véritable découverte,

558 2633 1366 58 une véritable révélation ; la découverte du sanscrit, dis-je, a permis d’enregis-

555 2677 1366 61 trer une foule de principes linguistiques que l’on avait ignorés jusque-là, et de

549 2723 1372 62 créer, à côté de la famille sémitique, la famille linguistique dite aryenne ou indo-

555 2776 1372 61 européenne. Cette seconde famille a des caractères particuliers qui ont été dé-

962 3378 549 67 Droits reservés au Cnam et à ses parteraires
