2480 3507
1125 575 1339 640 — 163 —
546 645 1918 710 avoir pour espérance de conclure l’avenir de l’humanité de son passé. Si du
549 698 1915 759 passé de l’humanité nous pouvons conclure un avenir quelconque, il faudra
549 742 1918 806 toutefois faire intervenir dans nos prédictions, — et c’est toujours dangereux
555 797 1386 856 d’être prophète, — les éléments de civilisation.
590 841 1915 903 Si je dis qu’en général toutes les races humaines tendent à accuser leur
558 888 1918 949 type, je parle surtout des races à l’état sauvage. Ces races en effet, par une
555 938 1918 996 sorte d’instinct brutal, s’isolent de leurs consanguins, vivent entre elles et sont
546 979 1918 1040 à l’état de guerre et de rivalité permanentes avec les races limitrophes. La civi-
546 1022 1915 1090 lisation tend, au contraire, à opérer le mélange des races. Mais il faut que
549 1075 1918 1133 tous les éléments en soient assimilables, et certains types trop inférieurs se
555 1125 1918 1183 refusent à toute assimilation et disparaissent dans leur contact avec les races
552 1174 1918 1230 supérieures. Je crois donc que, dans l’avenir de l’humanité, tous les restes
549 1212 1915 1280 fossiles de l’humanité quaternaire doivent tendre à disparaître et disparaîtront,
552 1268 1921 1326 quelle que soit la bienveillance de ceux qui prennent leur défense. Je crois aussi
552 1315 1921 1373 que, dans l’avenir de l’humanité, les choses se passeront peut-être autrement.
549 1356 1915 1420 Deux grandes races, la race mongolique et la race blanche, sont appelées à se
552 1408 1921 1467 croiser, plus qu’il ne faudrait peut-être pour le bonheur de l’humanité. Je crois
552 1458 1918 1513 qu’il y aurait à prendre des précautions législatives pour empêcher que ce
546 1502 1915 1563 mélange soit trop intense et trop profond, jusqu’à causer la décadence de notre
546 1548 1915 1607 race blanche. Le Chinois déborde, et j’avoue que j’ai bien peur de ce déborde-
552 1595 1231 1659 ment en Europe. (Applaudissements.)
763 1721 1710 1791 DE L'ESTHÉTIOUE DES ANCIENS AMÉRICAINS,
596 1958 1921 2022 Il peut paraître hardi, téméraire peut-être, de parler d’esthétique amé-
546 2007 1921 2069 ricaine. L’esprit nourri dans la contemplation du beau antique se sent attristé
546 2054 1918 2115 et blessé à l’aspect des monuments qui subsistent de l’Amérique ancienne dans
549 2104 1918 2165 les musées et les collections; souvent même il en éprouve des sensations dé-
549 2150 1921 2212 pouvante et de dégoût. Personne de ceux qui ont parcouru l’énorme recueil
546 2194 1927 2259 des fac-similés que lord Kingsborough a publié sous le titre d’Antiquities of
549 2250 1330 2308 Mexico, ne pourra, je crois, en disconvenir.
590 2294 1921 2352 Je reconnais qu’il n’en est pas tout à fait de même quant aux œuvres litté-
552 2343 1918 2402 raires. Dans le peu qui nous en reste, au Pérou comme dans l’Amérique cen-
543 2387 1915 2449 trale, on trouve çà et là quelques pensées philosophiques, quelques images
546 2437 1918 2504 poétiques rendues dans un style qui, sous le voile de la traduction, permet
543 2478 1915 2539 de deviner qu’il n’est pas dépourvu de qualités littéraires (1). Il a au moins
543 2527 1918 2586 celle d’une recherche ou d’une emphase naïve. Mais ce qu’on chercherait en
552 2580 1918 2636 vain tant dans les produits littéraires de l’ancienne Amérique que dans ses
549 2627 1915 2685 œuvres artistiques proprement dites, c’est cette finesse et cette délicatesse de
546 2668 1915 2735 goût qui est le propre caractère de l’esthétique, et dont nous sommes redevables
1026 1817 1438 1882 PAR M. CH. SCHOEBEL,
871 1870 1599 1931 VICE-PRÉSIDENT DE LA SOCIÉTÉ AMÉRICAINE DE FRANCE.
634 2773 1745 2843 Surtout le drame péruvien Ollanta, nouvellement réédité par Pacheco Zegarra.
1684 2855 1743 2916 11.
962 3381 1514 3442 Droits reservés au Cnam et à ses partenaires
