2480 3507
1140 578 1354 645 — 168 —
561 654 1930 716 de taire que de dire ; le héros de la scène américaine, pas plus que toutes les
561 704 1927 762 autres créations de l’art toltèque ou aztèque, ne peut nous dédommager de la
561 751 1927 809 contemplation d’Athéné et d’Aphrodité Urania, ces deux formes les plus pures
558 794 1930 856 et les plus parfaites du beau et de la science du sentiment, où le beau prend
561 847 982 903 sa source et se nourrit.
602 888 1930 952 On nous l’accordera, je suppose ; mais, nous dira-t-on, est-ce que la litté-
564 941 1927 999 rature péruvienne, telle au moins qu’elle se manifeste dans le drame Ollanta,
555 981 1924 1046 ne rachète pas, par de nombreuses beautés et par une action scénique réelle,
558 1031 1924 1093 l’absence d’œuvres véritablement littéraires chez les nations civilisées du Mexique
558 1075 1927 1136 et de l’Amérique centrale ? A cette question, si elle m’était faite, je répondrais
561 1122 1927 1186 que je ne conteste pas les réelles beautés poétiques et les qualités dramatiques
555 1174 1927 1233 d’Ollanta ; mais je demanderais si l’on est bien sûr que ce drame date de
561 1212 1927 1280 l’époque des incas. Le Dr Nodal, à Cuzco, qu’il est permis de considérer
558 1265 1924 1329 comme une autorité de quelque compétence dans la matière, le Dr Nodal pré-
558 1315 1927 1373 tend que cette belle et sentimentale pièce, en langue quichua, date... de
561 1358 1927 1426 l’an 1781, et que son auteur est un écrivain nommé Antonia Valdez, de Sicua (1).
561 1408 1927 1470 Je sais bien que M. Tschudi repousse avec indignation l’assertion du docteur
564 1458 1927 1516 de Cuzco, dont il est forcé cependant de louer la connaissance approfondie en
558 1502 1924 1563 quichua, mais les raisons qu’il allègue pour la défense de l’antiquité de l’œuvre
564 1551 1927 1610 en question ne me paraissent pas concluantes. D’ailleurs on peut avec pleine
558 1595 1927 1657 raison soutenir a priori qu’un peuple cannibale, et les Péruviens l’étaient tout
558 1645 1924 1703 comme les Mexicains et les nations de l’Amérique centrale, qu’un peuple can-
561 1695 1927 1753 nibale, quand même il prétendrait descendre du soleil, ne saurait produire
564 1738 1927 1800 une œuvre littéraire, où le beau et le bon soutiennent et ennoblissent le carac-
561 1788 1927 1847 tère distinctif de l’homme. Mais une telle œuvre est absolument nécessaire
561 1832 1924 1896 pour qu’une civilisation occupe une place importante dans l’histoire de l’hu-
555 1876 1930 1937 manité. C’est faute d’en avoir produit que les anciens Américains se trouvent
555 1925 1924 1987 classés dans l’histoire naturelle seulement. Mais cela suffit à la science ethno-
555 1975 1927 2042 graphique pour les étudier avec autant d’intérêt que n’importe quel autre
561 2025 698 2092 peuple.
605 2074 1930 2148 M. LE PRÉSIDENT. La parole est à M. de Rosny pour une communication sur
932 2221 1547 2291 L’ETHNOGRAPHIE DE L’ASIE,
1029 2291 1468 2352 PAR M. LÉON DE ROSNY.
593 2352 1924 2416 Plusieurs membres du Congrès ont pensé qu’il serait intéressant, dans une
552 2408 1924 2469 séance où a été invité le public qui fréquente l’Exposition universelle, de résu-
552 2454 1924 2516 mer l’état des connaissances acquises au sujet de la classification ethnogra-
549 2498 1927 2563 phique des populations de l’Asie. Sur l’invitation du Bureau, je vais essayer de
552 2551 1930 2609 remplir cette tâche, qui est probablement supérieure à mes forces, mais dont
549 2589 1927 2656 je m’acquitterai de mon mieux, en comptant sur l’indulgence de l’auditoire
546 2641 1137 2703 éclairé réuni dans cette enceinte.
593 2732 1918 2823 (1) Voir Elementos de la gramática quichua ò idioma de los Yncas, por el Dr José Fernandez
962 3381 1514 3442 Droits reservés au Cnam et à ses partenaires
552 2124 997 2194 l’ethnographie de l’Asie.
552 2773 804 2840 Nodal, V, 6, §3.
