2480 3507
1128 575 1342 642 — 166 —
602 640 1918 716 Mais passons sur ce détail ; il faut juger de la qualité d’une civilisation sur
549 695 1918 759 l'ensemble des phénomènes sociaux qu’elle produit. Voyons ce que les anciens
558 751 1918 809 Américains nous offrent en fait de culture morale et intellectuelle. Eh bien !
558 797 1921 856 nous sommes frappé du spectacle qu’ils nous présentent d’une culture matérielle
549 838 1918 900 des plus développées et des plus brillantes par l’habile pratique de tous les arts
552 888 1915 952 purement techniqnes ou mécaniques. Personne ne tissait, brodait, teignait,
549 932 1921 993 taillait, bâtissait, ciselait mieux que les peuples de l’ancienne Amérique ; la
555 987 1915 1049 mosaïque surtout, qu’ils savaient faire avec les plumes des oiseaux-mouches,
546 1028 1918 1090 était d’une perfection et d’une beauté qu’on ne se lassait pas d’admirer, et la
558 1078 1921 1139 teinture des étoffes était faite par eux avec un talent hors ligne. Et comme ils
555 1128 1921 1186 savaient maçonner et bâtir ! Mais, voyons. Est-ce que l’âme, est-ce que l’esprit
549 1171 1915 1233 trouvent dans ces applications, pour remarquables qu’elles soient, un dédom-
555 1212 1915 1282 magement de la stérilité dans la culture du grand art ? J’aime mieux un : Exegi
546 1268 1918 1326 Imonumentum, que toutes les pyramides du monde. Or, je voudrais qu’on me
555 1318 1921 1376 montrât parmi les œuvres des anciens Américains une conception poétique, ar-
555 1361 1921 1420 tistique ou littéraire que la critique de la science du beau idéal, comme Baum-
549 1405 1918 1475 garten, Winckelmann et Kant l’ont établie il y a plus d’un siècle, puisse accepter
555 1458 1921 1516 sans trop d’observations. « Les poètes, nous dit M. Brasseur, jouissaient chez
555 1505 1924 1563 eux d’une grande influence. Dans leurs vers ils observaient la mesure et la ca-
549 1546 1921 1607 dence. Le langage poétique était pur et avenant, brillant et rempli de figures
558 1598 1921 1657 et de comparaisons avec les objets les plus agréables que la nature présente
558 1645 1924 1703 aux regards. » Ce sont là des éloges qui ne tirent pas à conséquence ; ils ne
558 1689 1924 1750 touchent pas au sursum corda. Un langage cadencé et coloré des plus riches
555 1733 1918 1800 images peut fort bien, à l’instar de l’Assommoir, n’avoir rien de commun avec
555 1779 1918 1847 le spiritus intus alit et le mens agitat molem, et n’être encore qu’une variété de
558 1832 1921 1893 ce carillon assommant que les Américains aimaient tant et dont ils s’amusaient
555 1879 1821 1940 « comme des enfants ». Un désir analogue à celui du Cygne de Mantoue :
593 1946 1909 2010 Qu’avant tout les Muses, mes plus chères délices, divinités que je sers et qui m’é-
564 1990 1658 2057 chauffent d’un immense amour, me recoivent dans leur chœur sacré (1);
558 2060 1927 2127 Un désir semblable n’a donc probablement jamais germé dans l’âme des
552 2118 1918 2177 civilisés Américains. Ce qui leur causait, au contraire, une pleine satisfaction,
549 2162 1924 2224 c’étaient des chants en l’honneur de Huitzilopochtli, le dieu colibri, auquel
558 2212 1924 2270 on immolait, un mois durant, de petits enfants ; des chants aussi en l’honneur
549 2256 1924 2317 des rois, aux obsèques desquels, dans le temple de ce même joli petit dieu,
558 2308 1927 2364 on faisait une hécatombe de femmes, de serviteurs et de captifs, et cela, pen-
555 2355 1924 2413 dant un certain temps, de dix en dix jours. Au Pérou, à la mort d’un inca,
552 2402 1927 2457 aux obsèques de l’inca Huayna Capak par exemple, la boucherie sacrée de-
558 2449 1927 2507 mandait jusqu’à mille victimes humaines, parmi lesquelles nombre de petits
546 2492 1924 2554 enfants. Passons vite. Ce qui serait extraordinaire et tout à fait incompréhen-
549 2539 1924 2601 sible, c’est qu’une religion plus cruelle cent fois que celle des anciens Phéni-
555 2592 1927 2653 ciens et des Nègres n’eût pas tué dans l’âme des anciens Américains toute
587 2668 1501 2735 (1) Me verò primum dulces ante omnia Musæ,
900 2712 1517 2776 Quarum sacra fero ingenti percussus amore,
883 2747 1035 2814 Accipiant.
1412 2782 1696 2846 (Georgica, II, 475.)
962 3381 1514 3442 Droits reservés au Cnam et à ses partenaires
