2480 3507
1128 575 1345 642 — 165 —
546 642 1924 713 sion étaient des voleurs de métaux, d’or ou d’argent. Aussi Xipe-Totec était-il regardé
552 695 1921 751 comme le patron des artistes en orfèvrerie. La fête de cette divinité était mêlée, ordi-
558 733 1930 797 nairement, de jeux, de tournois et d’exercices militaires, durant lesquels les grands
561 780 1579 841 célébraient, dans leurs ballades, les hauts faits de leurs ancêtres.
596 844 1927 903 Je m’empresse de saisir la transition que m’offrent ces dernières lignes pour
555 888 1930 949 me demander ce que pouvaient être ces ballades, ces effusions lyriques inspirées
549 935 979 1005 par d’héroiques actions.
605 979 1927 1046 De nobles et grandes impressions inspirent des œuvres qui sont nobles et
552 1034 1927 1093 grandes comme le motif qui les fait naître, mais je sais que quand même les-
555 1081 1927 1139 dits poèmes seraient cela, la barbarie étant d’ailleurs très capable d’héroïques
552 1125 1927 1183 actions, les cris lamentables des écorchés en l’honneur des héros me gâte-
558 1174 1927 1233 raient ces produits lyriques au point de ne permettre aucune jouissance qui
558 1215 1927 1280 pût satisfaire le sentiment. Qu’il en est tout autrement quand j’ouvre un his-
558 1268 1649 1326 torien de l’antiquité classique, soit Thucydide, et que j’y lis :
590 1323 1924 1385 Autrefois il y avait à Délos (qu’on aurait considéré comme souillé par la présence de
549 1367 1924 1429 quelque mort) un grand concours d’Hellènes qui s’y rendaient en pèlerinage avec leurs
555 1408 1924 1472 femmes et leurs enfants. On s’y disputait, en l’honneur d’Apollon, le prix de musique
558 1458 1924 1516 et de lutte gymnique ; les villes y envoyaient des chœurs. Cest ce dont Homère témoigne
552 1499 1175 1560 dans ces vers de son hymne à Apollon :
590 1546 1924 1607 « C’est à Délos, ô Phœbus, que tu aimes habiter ; c’est là que se rassemblent les Io-
552 1595 1924 1651 niens aux robes traînantes avec leurs enfants et leurs dignes épouses. Lorsqu’en ton
558 1627 1927 1695 honneur ils célèbrent leurs jeux, ils te charment par leurs exercices de pugilat, leurs
549 1677 970 1735 danses et leurs chants (1). »
599 1735 1927 1803 N'était-ce pas d’ailleurs Apollon, le frère jumeau de Vénus, qui aimait à
549 1782 1927 1847 tenir lui-même la lyre et accompagner de son jeu les Muses dans leurs chants
543 1829 769 1896 alternants ?
1067 1887 1666 1946 φόρμιγγος περικαλλέος, ἣν ἔχ᾽ Ἀπόλλων,
932 1932 1579 1981 Μουσάων θ᾽, αἳ ἄειδον ἀμειβόμεναι ὀπὶ καλῇ (2).
590 1984 1921 2048 Les Américains cependant avaient aussi leurs jouissances esthétiques, et,
549 2034 1927 2095 en attendant le carillon des cloches que devaient leur apporter les moines, ils
552 2086 1924 2145 se délectaient des sons monotones et mélancoliques, voire lugubres, de la flûte
552 2136 1924 2191 et du tambour. Mais une fois que les capucins les eurent régalés du carillon
546 2177 1921 2238 des cloches, ils restèrent sous ce charme et n’en demandèrent plus d’autre. Je
546 2224 1924 2285 concède que la musique est un puissant facteur de civilisation et que, quant
552 2276 1924 2335 aux cloches, on peut, à l’exemple de Gargantua et du frère Pierre, arriver à les
552 2320 1924 2381 faire « sonner bien harmonieusement ». Disons néanmoins avec Goethe, un
552 2370 1924 2428 esprit esthétique assurément, qu’il « n’est point de nobles oreilles à qui ne
552 2419 1924 2475 répugne la sonnerie. Ce maudit bim... baum... bim... baum... assombrit
546 2451 1918 2519 la sereine lumière du soir et se mêle à chaque événement, depuis le premier
546 2498 1924 2568 bain jusqu’à la sépulture, comme si, entre bim... et baum..., la vie n’était
546 2554 994 2618 qu’un songe évanoui (3).»
584 2627 932 2682 (1) Thucydide, III, 104.
587 2656 976 2715 (2) Homère, Iliade, I, 603.
590 2694 1915 2761 (3) Ces dernières paroles recoivent une lucide et poétique amplification dans ce passoge du
549 2738 1918 2799 Chant de la Cloche : « Comme le son puissant que la cloche laisse échapper frappe l’oreille, puis
558 2782 1789 2843 expire, ainsi elle enseigne que rien ne demeure, que toute chose terrestre s’évanouit. »
962 3378 1514 3442 Droits reservés au Cnam et à ses parteraires
