2480 3507
1125 575 1345 640 — 171 —
552 645 1921 710 des exemples, notamment dans certains dialectes grecs ; laconien ; τίρ pour
552 701 1830 762 τίς, νέχυρ pour νέχυς, ζούγωνερ pour ζούγωνες, ῶίσορ pour ῶίθος, etc.
599 742 1918 806 Je n’ai point la prétention d’expliquer en ce moment, comme cela serait fa-
561 797 1918 856 cile avec les travaux des Eugène Burnouf, des Bopp, des Schleicher, toutes les
558 832 1918 903 formes que l’ai citées plus haut ; et encore moins la pensée de vous présenter la
558 885 1918 949 physiologie du verbe « être » dans la famille linguistique dont je vous parle en ce
555 932 1918 993 moment. Je n’ai voulu signaler autre chose que les ressources qu’offrait la mé-
561 981 1918 1043 thode linguistique des aryanistes, et j’espère que les quelques exemples que
555 1019 1921 1093 je viens de donner sur le tableau auront suffi pour en démontrer la portée et
546 1069 897 1133 le puissant intérêt.
602 1113 1924 1183 Le succès des travaux relatifs à la comparaison et à la classification des
558 1163 1921 1233 langues sémitiques et des langues indo-européennes fit croire aux orientalistes
555 1215 1918 1277 qu’ils n’avaient qu’à appliquer la même méthode aux autres langues du
549 1262 1918 1320 monde pour obtenir de toutes parts des résultats aussi complets, aussi
546 1309 1918 1370 clairs, aussi incontestables. On ne tarda pas à reconnaître qu’en dehors de
549 1356 1921 1417 ces deux familles, on n’avait guère à attendre rien de certain, à moins de dé-
549 1402 1921 1464 couvrir de nouveaux principes d’analyse et de comparaison philologique. Les
558 1455 1924 1513 difficultés qui se présentaient étaient quelque peu décourageantes ; elles devaient
552 1502 1918 1563 cependant avoir pour effet d’élargir la méthode comparative et de la fonder,
558 1548 1924 1607 non plus sur le simple examen des procédés adoptés dans les pays des langues
558 1598 1921 1657 que nous parlons, mais sur les lois générales adoptées par l’esprit humain
558 1645 1921 1706 pour se manifester extérieurement par des mots et par des phrases. Les ob-
552 1683 1921 1747 stacles que venait de surmonter la science linguistique assuraient à cette science
555 1730 1783 1794 la possession prochaine de ses véritables lois, de ses véritables assises.
599 1782 1921 1844 Alors s’est élevée une grave dispute : fallait-il s’attacher, pour la classifica-
558 1826 1918 1890 tion des langues, d’abord à la comparaison des racines de mots, ou bien aux
555 1879 1921 1937 affinités de construction grammaticale et de syntaxe ? Cette dispute donna un
558 1925 1921 1984 coup terrible à la vieille science de l’étymologie, cette science qui, suivant Vol-
558 1969 1921 2031 taire, si je ne me trompe, considère que dans les mots les consonnes ne
558 2022 1579 2080 comptent que pour peu de chose, et les voyelles pour rien.
602 2063 1924 2127 Puis d’un extrême on tomba dans l’autre : on crut que, tandis que les élé-
555 2110 1918 2174 ments du vecabulaire étaient de nature essentiellement mobiles et variables,
558 2150 1924 2221 les règles de la construction grammaticale étaient permanentes et à peu près
558 2197 1924 2270 immuables. On négligea donc la comparaison des mots pour ne plus guère com-
561 2256 1921 2320 parer que les procédés de la syntaxe. On commence à s’apercevoir de l’exagé-
555 2300 1924 2361 ration fâcheuse de cette manière de rechercher les affinités des langues, et les
561 2349 1924 2411 meilleurs esprits font une juste part à l’étude comparative des mots et des formes
552 2393 1918 2457 de la phrase. Un nouveau progrès se manifeste en même temps : on comprend
558 2437 1924 2504 la nécessité d’approfondir l’économie du langage jusque dans le système de la
561 2487 1924 2551 formation des sons qui en constituent les éléments et qui se développent d’une
558 2533 1924 2598 manière souvent différente et caractéristique dans les divers groupes d’idiomes ;
552 2583 1918 2647 on se préoccupe enfin de toutes les manifestations de la vie dans le langage,
552 2636 1918 2691 dont chacun des éléments, — on est arrivé à le constater aujourd’hui, —
552 2674 1927 2738 mots ou formes grammaticales et syntaxiques, est sujet à des altérations, à
552 2723 1096 2785 des modifications perpétuelles.
593 2770 1927 2837 La science du langage a vu de la sorte son cadre s’élargir considérablement ;
962 3381 1514 3442 Droits reservés au Cnam et à ses partenaires
