2480 3507
1146 596 1354 645 — 164 —
561 651 1933 716 aux habitants des plaines fertiles qu’arrosent les eaux errantes du Céphise et
555 698 1927 762 que parcourent volontiers le chœur des Muses et Aphrodite à la ceinture dorée:
1046 789 1333 835 οὐδὲ Μουσᾶν χοροί
996 829 1374 870 Nιν ἀπεστύγησαν, οὐδὲ y᾽
994 856 1371 913 Ἀ χρυσάνιος Ἀφροδίτα (1).
602 926 1918 999 Cependant ces considérations n’ont pas empêché M. Brasseur (de Bourbourg)
561 981 1924 1043 d’attribuer aux anciens Américains la qualité de civilisés, de nous donner leur
561 1022 1927 1090 histoire sous le titre : « Histoire des nations civilisées du Merique et de l'Amérique
561 1078 1927 1136 centrale. » Mais civilisé, suivant l’Académie française, qui passe aux yeux de plu-
555 1119 1927 1180 sieurs pour la représentante immortelle de la civilisation, signifie avoir les
555 1166 1927 1227 mœurs polies, ce qui suppose un état de développement moral fort élevé. Certes
561 1218 1924 1280 un peuple peut être civilisé sans avoir précisément la délicatesse de sentiments,
552 1256 1927 1323 la finesse du goût, l’élégance du langage et la simplicité des manières que
561 1315 1927 1376 possédèrent les créateurs et les soutiens de l’atticisme, de ce je ne sais quoi de
558 1361 1927 1420 naturel qui est l’esthétique dans sa forme la plus exquise; toutes les nations ne
561 1402 1927 1470 peuvent pas avoir une poésie, une architecture, une statuaire, une peinture,
561 1455 1921 1513 un théâtre, une littérature et une philosophie comme Athènes a su se les ap-
555 1499 1927 1569 proprier et les garder dans cet incomparable siècle qui va de Socrate à Dé-
555 1546 1927 1607 mosthène; mais ce qui est certain, c’est qu’aucun état social digne de l'épithète
558 1598 1927 1654 de civilisé n’est compatible avec des mœurs qui accusent une barbarie allant
555 1639 1924 1706 jusqu’au cannibalisme. Or, j’ouvre l’ouvrage de M. Brasseur et je tombe sur deux
552 1686 1927 1747 longs chapitres, le deuxième et le troisième du livre XII, contenant nombre de
555 1735 1181 1806 passages dans le genre de celui-ci :
590 1806 1921 1873 Il y avait un mois consacré à Tlaloc, génie des eaux. On achetait, pour lui sacrifier,
552 1852 1921 1911 de tout petits enfants, que leurs pères offraient souvent d’eux-mêmes. On portait ces
555 1902 1924 1958 enfants au sommet des montagnes, et là on les immolait. Le prêtre leur ouvrait la poi-
549 1937 1927 1998 trine et en arrachait le cœur... et leurs petits corps étaient servis ensuite, dans un festin
552 1984 1245 2045 de cannibales, aux prêtres et à la noblesse.
596 2045 1921 2121 Cela va ainsi tout le long de l’année, car chaque mois est consacré à une
552 2112 1921 2171 divinité sanguinaire, qu’il faut satisfaire le plus souvent avec d’incroyables
546 2156 1921 2218 raffinements de cruauté. Ce ne sont que ventres ouverts, entrailles et cœurs
546 2203 1921 2264 arrachés, ruisseaux de sang du haut des degrés des téocallis et repas de chair-
552 2247 1921 2311 humaine, crue ou rôtie, à la face du soleil. L’épouvante vous saisit aux che-
552 2297 1924 2358 veux et à la gorge, et ce n’est que pour arriver à un autre sujet que je me dé-
549 2349 1257 2408 cide à citer encore le passage que voici:
593 2419 1921 2484 Il y avait chez les Mexicains un mois qui portait le nom de l’écorchement humain,
546 2463 1921 2522 tlacaxipehnaliztli. Son patron était Xipe-Totec, notre seigneur le chauve ou l’écorché.
555 2507 1924 2568 Cette divinité inspirait à tous une grande horreur ; on lui attribuait le pouvoir de don-
546 2551 1918 2609 ner aux hommes les maladies qui causent le plus de dégoût ; aussi lui offrait-on jour-
552 2592 1921 2653 nellement des sacrifices. Les victimes conduites à ses autels étaient enlevées par les che-
552 2633 1921 2694 veux jusqu’à la terrasse supérieure du temple, et là les prêtres les écorchaient pour se
552 2682 1924 2744 revêtir ensuite de leur peau sanglante. La plupart des victimes immolées à cette occa-
590 2773 1143 2843 (1) Sophocle, Œdipe  à Colone, v. 691.
962 3381 1514 3442 Droits reservés au Cnam et à ses partenaires
