2480 3507
1146 596 208 49 — 164 —

561 651 1372 65 aux habitants des plaines fertiles qu’arrosent les eaux errantes du Céphise et

555 698 1372 64 que parcourent volontiers le chœur des Muses et Aphrodite à la ceinture dorée :

1046 789 287 46 οὐδὲ Μουσᾶν χοροί

996 829 378 41 Nιν ἀπεστύγησαν, οὐδὲ γ᾽

994 856 377 57 Ἀ χρυσάνιος Ἀφροδίτα (1).

602 926 1316 73 Cependant ces considérations n’ont pas empêché M. Brasseur (de Bourbourg)

561 981 1363 62 d’attribuer aux anciens Américains la qualité de civilisés, de nous donner leur

561 1022 1366 68 histoire sous le titre : « Histoire des nations civilisées du Mexique et de l'Amérique

561 1078 1366 58 centrale. » Mais civilisé, suivant l’Académie française, qui passe aux yeux de plu-

555 1119 1372 61 sieurs pour la représentante immortelle de la civilisation, signifie avoir les

555 1166 1372 61 mœurs polies, ce qui suppose un état de développement moral fort élevé. Certes

561 1218 1363 62 un peuple peut être civilisé sans avoir précisément la délicatesse de sentiments,

552 1256 1375 67 la finesse du goût, l’élégance du langage et la simplicité des manières que

561 1315 1366 61 possédèrent les créateurs et les soutiens de l’atticisme, de ce je ne sais quoi de

558 1361 1369 59 naturel qui est l’esthétique dans sa forme la plus exquise ; toutes les nations ne

561 1402 1366 68 peuvent pas avoir une poésie, une architecture, une statuaire, une peinture,

561 1455 1360 58 un théâtre, une littérature et une philosophie comme Athènes a su se les ap-

555 1499 1372 70 proprier et les garder dans cet incomparable siècle qui va de Socrate à Dé-

555 1546 1372 61 mosthène ; mais ce qui est certain, c’est qu’aucun état social digne de l'épithète

558 1598 1369 56 de civilisé n’est compatible avec des mœurs qui accusent une barbarie allant

555 1639 1369 67 jusqu’au cannibalisme. Or, j’ouvre l’ouvrage de M. Brasseur et je tombe sur deux

552 1686 1375 61 longs chapitres, le deuxième et le troisième du livre XII, contenant nombre de

555 1735 626 71 passages dans le genre de celui-ci :

590 1806 1331 67 Il y avait un mois consacré à Tlaloc, génie des eaux. On achetait, pour lui sacrifier,

552 1852 1369 59 de tout petits enfants, que leurs pères offraient souvent d’eux-mêmes. On portait ces

555 1902 1369 56 enfants au sommet des montagnes, et là on les immolait. Le prêtre leur ouvrait la poi-

549 1937 1378 61 trine et en arrachait le cœur... et leurs petits corps étaient servis ensuite, dans un festin

552 1984 693 61 de cannibales, aux prêtres et à la noblesse.

596 2045 1325 76 Cela va ainsi tout le long de l’année, car chaque mois est consacré à une

552 2112 1369 59 divinité sanguinaire, qu’il faut satisfaire le plus souvent avec d’incroyables

546 2156 1375 62 raffinements de cruauté. Ce ne sont que ventres ouverts, entrailles et cœurs

546 2203 1375 61 arrachés, ruisseaux de sang du haut des degrés des téocallis et repas de chair-

552 2247 1369 64 humaine, crue ou rôtie, à la face du soleil. L’épouvante vous saisit aux che-

552 2297 1372 61 veux et à la gorge, et ce n’est que pour arriver à un autre sujet que je me dé-

549 2349 708 59 cide à citer encore le passage que voici :

593 2419 1328 65 Il y avait chez les Mexicains un mois qui portait le nom de l’écorchement humain,

546 2463 1375 59 tlacaxipehnaliztli. Son patron était Xipe-Totec, notre seigneur le chauve ou l’écorché.

555 2507 1369 61 Cette divinité inspirait à tous une grande horreur ; on lui attribuait le pouvoir de don-

546 2551 1372 58 ner aux hommes les maladies qui causent le plus de dégoût ; aussi lui offrait-on jour-

552 2592 1369 61 nellement des sacrifices. Les victimes conduites à ses autels étaient enlevées par les che-

552 2633 1369 61 veux jusqu’à la terrasse supérieure du temple, et là les prêtres les écorchaient pour se

552 2682 1372 62 revêtir ensuite de leur peau sanglante. La plupart des victimes immolées à cette occa-

590 2773 553 70 (1) Sophocle, Œdipe  à Colone, v. 691.

962 3381 552 61 Droits reservés au Cnam et à ses partenaires
