2480 3507
1128 575 214 67 — 166 —

602 640 1316 76 Mais passons sur ce détail ; il faut juger de la qualité d’une civilisation sur

549 695 1369 64 l'ensemble des phénomènes sociaux qu’elle produit. Voyons ce que les anciens

558 751 1360 58 Américains nous offrent en fait de culture morale et intellectuelle. Eh bien !

558 797 1363 59 nous sommes frappé du spectacle qu’ils nous présentent d’une culture matérielle

549 838 1369 62 des plus développées et des plus brillantes par l’habile pratique de tous les arts

552 888 1363 64 purement techniqnes ou mécaniques. Personne ne tissait, brodait, teignait,

549 932 1372 61 taillait, bâtissait, ciselait mieux que les peuples de l’ancienne Amérique ; la

555 987 1360 62 mosaïque surtout, qu’ils savaient faire avec les plumes des oiseaux-mouches,

546 1028 1372 62 était d’une perfection et d’une beauté qu’on ne se lassait pas d’admirer, et la

558 1078 1363 61 teinture des étoffes était faite par eux avec un talent hors ligne. Et comme ils

555 1128 1366 58 savaient maçonner et bâtir ! Mais, voyons. Est-ce que l’âme, est-ce que l’esprit

549 1171 1366 62 trouvent dans ces applications, pour remarquables qu’elles soient, un dédom-

555 1212 1360 70 magement de la stérilité dans la culture du grand art ? J’aime mieux un : Exegi

546 1268 1372 58 monumentum, que toutes les pyramides du monde. Or, je voudrais qu’on me

555 1318 1366 58 montrât parmi les œuvres des anciens Américains une conception poétique, ar-

555 1361 1366 59 tistique ou littéraire que la critique de la science du beau idéal, comme Baum-

549 1405 1369 70 garten, Winckelmann et Kant l’ont établie il y a plus d’un siècle, puisse accepter

555 1458 1366 58 sans trop d’observations. « Les poètes, nous dit M. Brasseur, jouissaient chez

555 1505 1369 58 eux d’une grande influence. Dans leurs vers ils observaient la mesure et la ca-

549 1546 1372 61 dence. Le langage poétique était pur et avenant, brillant et rempli de figures

558 1598 1363 59 et de comparaisons avec les objets les plus agréables que la nature présente

558 1645 1366 58 aux regards. » Ce sont là des éloges qui ne tirent pas à conséquence ; ils ne

558 1689 1366 61 touchent pas au sursum corda. Un langage cadencé et coloré des plus riches

555 1733 1363 67 images peut fort bien, à l’instar de l’Assommoir, n’avoir rien de commun avec

555 1779 1363 68 le spiritus intus alit et le mens agitat molem, et n’être encore qu’une variété de

558 1832 1363 61 ce carillon assommant que les Américains aimaient tant et dont ils s’amusaient

555 1879 1266 61 « comme des enfants ». Un désir analogue à celui du Cygne de Mantoue :

593 1946 1316 64 Qu’avant tout les Muses, mes plus chères délices, divinités que je sers et qui m’é-

564 1990 1094 67 chauffent d’un immense amour, me recoivent dans leur chœur sacré (1) ;

558 2060 1369 67 Un désir semblable n’a donc probablement jamais germé dans l’âme des

552 2118 1366 59 civilisés Américains. Ce qui leur causait, au contraire, une pleine satisfaction,

549 2162 1375 62 c’étaient des chants en l’honneur de Huitzilopochtli, le dieu colibri, auquel

558 2212 1366 58 on immolait, un mois durant, de petits enfants ; des chants aussi en l’honneur

549 2256 1375 61 des rois, aux obsèques desquels, dans le temple de ce même joli petit dieu,

558 2308 1369 56 on faisait une hécatombe de femmes, de serviteurs et de captifs, et cela, pen-

555 2355 1369 58 dant un certain temps, de dix en dix jours. Au Pérou, à la mort d’un inca,

552 2402 1375 55 aux obsèques de l’inca Huayna Capak par exemple, la boucherie sacrée de-

558 2449 1369 58 mandait jusqu’à mille victimes humaines, parmi lesquelles nombre de petits

546 2492 1378 62 enfants. Passons vite. Ce qui serait extraordinaire et tout à fait incompréhen-

549 2539 1375 62 sible, c’est qu’une religion plus cruelle cent fois que celle des anciens Phéni-

555 2592 1372 61 ciens et des Nègres n’eût pas tué dans l’âme des anciens Américains toute

587 2668 914 67 (1) Me verò primum dulces ante omnia Musæ,

900 2712 617 64 Quarum sacra fero ingenti percussus amore,

883 2747 152 67 Accipiant.

1412 2782 284 64 (Georgica, II, 475.)

962 3381 552 61 Droits reservés au Cnam et à ses partenaires
