2480 3507
1137 575 205 70 — 167 —

555 645 1366 71 poésie digne du titre de lyrique. Elle a dû si complètement paralyser et anéantir

555 704 1366 58 chez eux la conception du beau, qu’ils n’ont pas même trouvé dans leurs hauts

552 739 1369 67 faits d’armes de quoi alimenter la poésie dramatique. Le drame et la tragédie

561 797 1360 56 ne craignent ni le sang ni la mort, mais c’est à condition qu’il y ait dans

549 832 1372 68 l’action qu’ils déroulent sous les yeux des spectateurs autre chose que des faits

558 885 1363 64 physiques, c’est à condition qu’on y voie jaillir une idée capable, non de nous

552 923 1369 70 bouleverser et de nous troubler, mais de nous émouvoir, de nous élever

552 981 334 59 et de nous épurer.

599 1025 1322 62 Cependant M. Brasseur vante le talent que ses « civilisés » déployaient dans

552 1066 1366 70 leurs pièces théâtrales. Mais si nous en jugeons par le spécimen complet qu’il

558 1122 1360 61 nous a donné du théâtre américain, dans le Rabinal-Achi (1), il nous est im-

558 1169 1360 61 possible de nous associer à son jugement. Quelle satisfaction élevée, quel

558 1221 1363 61 plaisir esthétique peut-on éprouver à une représentation qui commence par

552 1262 1369 61 une sorte de ronde à laquelle prennent part cinq ou six personnages, vêtus

555 1315 1369 58 en tigres ou en aigles, tournant, à la suite d’un roi, les uns derrière les autres

552 1361 1369 59 et dont soudain l’ordonnance se trouve rompue par un autre roi qui s’élance

552 1408 1372 59 de la coulisse avec des gestes menaçants ? Mais l’intrus se met à provoquer le

549 1455 1366 58 chef de la danse, qui prend mal la chose et retient prisonnier le trouble-fête.

558 1502 1360 58 Alors commence un échange de rodomontades d’une parfaite monolonie et qui

552 1543 1360 64 ennuie d’autant plus qu’il menace de s’éterniser. Rabinal-Achi, car c’est ainsi

558 1598 1360 59 que se nomme le premier roi, R. A., en formulant ses accusations, prend sans

552 1639 1366 58 cesse à témoin le ciel et la terre, et Queché-Achi, le roi envahisseur, usant

552 1692 1366 58 des mêmes expressions, commence par répéter, souvent mot pour mot, la plus

552 1738 1363 65 grande partie du discours de son vainqueur, avant de lui répondre. Celui-ci,

552 1785 1366 59 à son tour, reprend en sous-œuvre la réponse de Queché-Achi, avant de con-

549 1829 1366 61 tinuer sur nouveaux faits. Ainsi se passe chacune des scènes, entrecoupées de

555 1876 1360 64 temps en temps par une ronde qu’accompagnent les sourds et lugubres sons

555 1928 1363 59 de la flûte et du tambour. La pièce, sans action proprement dite, finit avec la

552 1966 1363 65 mort de Queché-Achi, qui, après avoir débité dix-sept discours, est étendu sur

549 2010 1366 70 la pierre sacrée et saigné sous les yeux des spectateurs. Un codex du Vatican,

549 2063 1369 64 dont le fac-similé est dans la collection de Kingsborough, peut nous donner

558 2115 646 59 une idée de cette atroce scène finale.

599 2153 1322 68 Mais voilà l’œuvre « qu’on peut considérer jusqu’à présent, nous dit M. Bras-

549 2203 1369 64 seur (qui paraît n’avoir pas connu la pièce péruvienne Ollanta), comme l’unique

555 2259 1366 61 production complète de l’art dramatique des anciens Américains que l’on ait,

549 2300 1372 61 en Europe, dans son entière originalité ». Ces conditions ne la rendent pas

555 2352 1366 59 meilleure, malheureusement. Pour le dire, comme je le pense, la lecture en

555 2399 1366 58 rappelle la comparaison que fait Rabelais de « l’imagination comme un caril-

546 2434 1375 67 onnement de cloches ». Toujours « ce maudit bim... baum... ». Décidément

546 2484 1372 64 l’esthétique du théâtre américain est celle de l’enfance, de cet âge qui est non

549 2530 1369 65 seulement sans pitié, mais aussi sans goût. « Le guerrier qui contrefait le cri

555 2586 1360 67 plaintif du chacal, qui imite le miaulement du chat sauvage, qui rend, à s’y

552 2630 1369 61 tromper, le rugissement du lion, derrière les grands remparts du château,

555 2679 1372 65 afin d’attirer les beaux et blancs jeunes gens », dans un but qu’il est plus facile

587 2770 930 70 (1) Collection de documents sur l’Amérique ancienne, Il, 2e partie.

962 3381 552 61 Droits reservés au Cnam et à ses partenaires
