2480 3507
1125 575 214 65 — 163 —

546 645 1372 65 avoir pour espérance de conclure l’avenir de l’humanité de son passé. Si du

549 698 1366 61 passé de l’humanité nous pouvons conclure un avenir quelconque, il faudra

549 742 1369 64 toutefois faire intervenir dans nos prédictions, — et c’est toujours dangereux

555 797 831 59 d’être prophète, — les éléments de civilisation.

590 841 1325 62 Si je dis qu’en général toutes les races humaines tendent à accuser leur

558 888 1360 61 type, je parle surtout des races à l’état sauvage. Ces races en effet, par une

555 938 1363 58 sorte d’instinct brutal, s’isolent de leurs consanguins, vivent entre elles et sont

546 979 1372 61 à l’état de guerre et de rivalité permanentes avec les races limitrophes. La civi¬

546 1022 1369 68 lisation tend, au contraire, à opérer le mélange des races. Mais il faut que

549 1075 1369 58 tous les éléments en soient assimilables, et certains types trop inférieurs se

555 1125 1363 58 refusent à toute assimilation et disparaissent dans leur contact avec les races

552 1174 1366 56 supérieures. Je crois donc que, dans l’avenir de l’humanité, tous les restes

549 1212 1366 68 fossiles de l’humanité quaternaire doivent tendre à disparaître et disparaîtront,

552 1268 1369 58 quelle que soit la bienveillance de ceux qui prennent leur défense. Je crois aussi

552 1315 1369 58 que, dans l’avenir de l’humanité, les choses se passeront peut-être autrement.

549 1356 1366 64 Deux grandes races, la race mongolique et la race blanche, sont appelées à se

552 1408 1369 59 croiser, plus qu’il ne faudrait peut-être pour le bonheur de l’humanité. Je crois

552 1458 1366 55 qu’il y aurait à prendre des précautions législatives pour empêcher que ce

546 1502 1369 61 mélange soit trop intense et trop profond, jusqu’à causer la décadence de notre

546 1548 1369 59 race blanche. Le Chinois déborde, et j’avoue que j’ai bien peur de ce déborde¬

552 1595 679 64 ment en Europe. (Applaudissements.)

763 1721 947 70 DE L'ESTHÉTIOUE DES ANCIENS AMÉRICAINS,

596 1958 1325 64 Il peut paraître hardi, téméraire peut-être, de parler d’esthétique amé-

546 2007 1375 62 ricaine. L’esprit nourri dans la contemplation du beau antique se sent attristé

546 2054 1372 61 et blessé à l’aspect des monuments qui subsistent de l’Amérique ancienne dans

549 2104 1369 61 les musées et les collections ; souvent même il en éprouve des sensations dé-

549 2150 1372 62 pouvante et de dégoût. Personne de ceux qui ont parcouru l’énorme recueil

546 2194 1381 65 des fac-similés que lord Kingsborough a publié sous le titre d’Antiquities of

549 2250 781 58 Mexico, ne pourra, je crois, en disconvenir.

590 2294 1331 58 Je reconnais qu’il n’en est pas tout à fait de même quant aux œuvres litté-

552 2343 1366 59 raires. Dans le peu qui nous en reste, au Pérou comme dans l’Amérique cen¬

543 2387 1372 62 trale, on trouve çà et là quelques pensées philosophiques, quelques images

546 2437 1372 67 poétiques rendues dans un style qui, sous le voile de la traduction, permet

543 2478 1372 61 de deviner qu’il n’est pas dépourvu de qualités littéraires (1). Il a au moins

543 2527 1375 59 celle d’une recherche ou d’une emphase naïve. Mais ce qu’on chercherait en

552 2580 1366 56 vain tant dans les produits littéraires de l’ancienne Amérique que dans ses

549 2627 1366 58 œuvres artistiques proprement dites, c’est cette finesse et cette délicatesse de

546 2668 1369 67 goût qui est le propre caractère de l’esthétique, et dont nous sommes redevables

1026 1817 412 65 PAR M. CH. SCHOEBEL,

871 1870 728 61 VICE-PRÉSIDENT DE LA SOCIÉTÉ AMÉRICAINE DE FRANCE.

634 2773 1111 70 Surtout le drame péruvien Ollanta, nouvellement réédité par Pacheco Zegarra.

1684 2855 59 61 11.

962 3381 552 61 Droits reservés au Cnam et à ses partenaires
