2480 3507
1128 575 217 67 — 165 —

546 642 1378 71 sion étaient des voleurs de métaux, d’or ou d’argent. Aussi Xipe-Totec était-il regardé

552 695 1369 56 comme le patron des artistes en orfèvrerie. La fête de cette divinité était mêlée, ordi¬

558 733 1372 64 nairement, de jeux, de tournois et d’exercices militaires, durant lesquels les grands

561 780 1018 61 célébraient, dans leurs ballades, les hauts faits de leurs ancêtres.

596 844 1331 59 Je m’empresse de saisir la transition que m’offrent ces dernières lignes pour

555 888 1375 61 me demander ce que pouvaient être ces ballades, ces effusions lyriques inspirées

549 935 430 70 par d’héroiques actions.

605 979 1322 67 De nobles et grandes impressions inspirent des œuvres qui sont nobles et

552 1034 1375 59 grandes comme le motif qui les fait naître, mais je sais que quand même les¬

555 1081 1372 58 dits poèmes seraient cela, la barbarie étant d’ailleurs très capable d’héroïques

552 1125 1375 58 actions, les cris lamentables des écorchés en l’honneur des héros me gâte¬

558 1174 1369 59 raient ces produits lyriques au point de ne permettre aucune jouissance qui

558 1215 1369 65 pût satisfaire le sentiment. Qu’il en est tout autrement quand j’ouvre un his¬

558 1268 1091 58 torien de l’antiquité classique, soit Thucydide, et que j’y lis :

590 1323 1334 62 Autrefois il y avait à Délos (qu’on aurait considéré comme souillé par la présence de

549 1367 1375 62 quelque mort) un grand concours d’Hellènes qui s’y rendaient en pèlerinage avec leurs

555 1408 1369 64 femmes et leurs enfants. On s’y disputait, en l’honneur d’Apollon, le prix de musique

558 1458 1366 58 et de lutte gymnique ; les villes y envoyaient des chœurs. C’est ce dont Homère témoigne

552 1499 623 61 dans ces vers de son hymne à Apollon :

590 1546 1334 61 « C’est à Délos, ô Phœbus, que tu aimes habiter ; c’est là que se rassemblent les Io¬

552 1595 1372 56 niens aux robes traînantes avec leurs enfants et leurs dignes épouses. Lorsqu’en ton

558 1627 1369 68 honneur ils célèbrent leurs jeux, ils te charment par leurs exercices de pugilat, leurs

549 1677 421 58 danses et leurs chants (1). »

599 1735 1328 68 N'était-ce pas d’ailleurs Apollon, le frère jumeau de Vénus, qui aimait à

549 1782 1378 65 tenir lui-même la lyre et accompagner de son jeu les Muses dans leurs chants

543 1829 226 67 alternants ?

1067 1887 599 59 φόρμιγγος περικαλλέος, ἣν ἔχ᾽ Ἀπόλλων,

932 1932 647 49 Μουσάων θ᾽, αἳ ἄειδον ἀμειβόμεναι ὀπὶ καλῇ (2).

590 1984 1331 64 Les Américains cependant avaient aussi leurs jouissances esthétiques, et,

549 2034 1378 61 en attendant le carillon des cloches que devaient leur apporter les moines, ils

552 2086 1372 59 se délectaient des sons monotones et mélancoliques, voire lugubres, de la flûte

552 2136 1372 55 et du tambour. Mais une fois que les capucins les eurent régalés du carillon

546 2177 1375 61 des cloches, ils restèrent sous ce charme et n’en demandèrent plus d’autre. Je

546 2224 1378 61 concède que la musique est un puissant facteur de civilisation et que, quant

552 2276 1372 59 aux cloches, on peut, à l’exemple de Gargantua et du frère Pierre, arriver à les

552 2320 1372 61 faire « sonner bien harmonieusement ». Disons néanmoins avec Goethe, un

552 2370 1372 58 esprit esthétique assurément, qu’il « n’est point de nobles oreilles à qui ne

552 2419 1372 56 répugne la sonnerie. Ce maudit bim... baum... bim... baum... assombrit

546 2451 1372 68 la sereine lumière du soir et se mêle à chaque événement, depuis le premier

546 2498 1378 70 bain jusqu’à la sépulture, comme si, entre bim... et baum..., la vie n’était

546 2554 448 64 qu’un songe évanoui (3). »

584 2627 348 55 (1) Thucydide, III, 104.

587 2656 389 59 (2) Homère, Iliade, I, 603.

590 2694 1325 67 (3) Ces dernières paroles recoivent une lucide et poétique amplification dans ce passoge du

549 2738 1369 61 Chant de la Cloche : « Comme le son puissant que la cloche laisse échapper frappe l’oreille, puis

558 2782 1231 61 expire, ainsi elle enseigne que rien ne demeure, que toute chose terrestre s’évanouit. »

962 3378 552 64 Droits reservés au Cnam et à ses parteraires
