2479 3508
1145 596 211 50 — 162 —

558 646 1377 64 montrer leur généalogie; mais nous devons bien penser que notre humanité

558 701 1295 61 s’est formée d’éléments antérieurs qui ont également vécu à cette époque.

602 745 1327 61 Ces races successives de plus en plus supérieures, sous des conditions cli-

555 792 1374 61 matériques favorables, ont fait des progrès intellectuels, et se sont ainsi per-

558 836 1368 64 fectionnées à travers les temps à mesure que les mers les ont enfermées

561 891 1365 62 peu à peu dans des habitats isolés. Elles ont ainsi donné naissance à nos trois

558 932 1371 67 grandes races modernes lorsque la forme actuelle de nos continents a achevé

555 982 275 58 de se dessiner.

608 1026 1321 64 Nous arriverons à mesure, beaucoup plus facilement, à trouver des séries

555 1075 1371 59 continues et homogènes, dans ces grandes races humaines actuelles, quand

561 1128 1365 58 nous en aurons séparé les éléments antérieurs fossiles, qui jurent, dans tous

555 1169 1374 64 nos systèmes de classifications, par leur dispersion erratique à la surface du

552 1207 126 82 globe.

599 1262 1327 65 C'est en cela que la classification généalogique que nous a donnée M. Hackel

555 1309 1371 62 est faible. Cette classification, si je puis me servir d’une expression qui peut

561 1362 1362 64 passer pour un néologisme, est trop simplise. Des Mélanésiens, des Nègres

555 1406 1368 58 africains, des Hottentots, il fait un seul rameau. Il est bien évident que le

561 1447 1365 70 Nègre est un être bien supérieur au Hottentot Boschiman. C’est un type plus

558 1505 1365 58 accentué. S’il y a un principe taxonomique bien établi, c’est que les races

555 1546 1368 64 les plus accusées ne sont pas des commencements de races, mais les rameaux

552 1596 1371 61 terminaux, les branches les plus épanouies et les plus divergentes du tronc de

558 1637 1368 67 l'humanité. Nous ne trouvons pas, en effet, dans le noir pur, dans le blanc

558 1692 1362 64 pur, dans le jaune pur, le commencement des grandes branches de l’humanité,

555 1736 1371 64 mais au contraire, en quelque sorte, les bourgeons terminaux de l’humanité

552 1786 143 58 vivante.

590 1830 1333 61 Par suite de l’idéal ethnique qui se développe dans toutes les races, cha-

552 1879 1371 62 cune d’elles tend à exagérer son type. Ainsi, dans le type blanc, la beauté de

549 1920 1371 67 la carnation ira toujours en s’exagérant; chez les Nègres, la beauté consistera

558 1973 1362 61 toujours à être d’un beau noir, et les Mongols n’ont pas de répugnance pour

549 2011 1374 70 leur couleur jaune. Ils seraient aussi froissés de notre teint pâle et blême que

546 2066 1377 62 nous pourrions l’être de leur couleur jaunâtre qui serait, dans notre race,

546 2110 664 64 l'indice d’une situation pathologique.

599 2160 1321 64 Nos trois grandes races sont les rameaux terminaux de l’humanité actuelle.

552 2207 1371 67 Il faut chercher le point où ces races confluent, se rapprochent les unes des

546 2256 1377 62 autres, non pas dans les types les plus accusés, mais dans les types les plus

543 2303 284 61 intermédiaires.

590 2353 1333 61 Il est certain que la première race qui a donné naissance au grand rameau

546 2402 1371 68 jaune a été moins jaune que la race mongole actuelle. Au début, la race qui a

552 2449 1365 62 donné naissance à notre race blanche n'était pas aussi blanche. Le premier

549 2490 1368 67 Nègre a été moins noir que le Nègre guinéen. Il est certain que tous les carac-

552 2546 1371 58 tères ont été de même en s’accusant dans les races vivantes, tandis que tous

549 2592 1368 65 nos classificateurs, jusqu’à présent, sous l’influence du polygénisme surtout,

546 2633 1374 62 ont au contraire cherché, dans les types les plus accusés, les types originels

546 2683 1374 64 des races, et attribué les nuances intermédiaires de leur dégénérescence par

552 2727 237 67 le métissage.

593 2771 1333 73 Un des orateurs qui m’ont précédé nous disait que l’ethnographie pouvait

958 3379 553 67 Droits reservés au Cnam et à ses partenaires
