2479 3508
1125 575 213 65 — 163 —

552 651 1368 62 avoir pour espérance de conclure l’avenir de l’humanité de son passé. Si du

549 698 1365 62 passé de l’humanité nous pouvons conclure un avenir quelconque, il faudra

546 745 1371 61 toutefois faire intervenir dans nos prédictions, — et c’est toujours dangereux

546 795 836 61 d’être prophète, — les éléments de civilisation.

596 841 1321 62 Si je dis qu’en général toutes les races humaines tendent à accuser leur

558 885 1359 65 type, je parle surtout des races à l’état sauvage. Ces races en effet, par une

555 938 1362 58 sorte d’instinct brutal, s’isolent de leurs consanguins, vivent entre elles et sont

546 979 1371 61 à l’état de guerre et de rivalité permanentes avec les races limitrophes. La civi-

546 1023 1368 67 lisation tend, au contraire, à opérer le mélange des races. Mais il faut que

549 1075 1368 59 Itous les éléments en soient assimilables, et certains types trop inférieurs se

555 1125 1362 58 refusent à toute assimilation et disparaissent dans leur contact avec les races

552 1175 1365 55 supérieures. Je crois donc que, dans l’avenir de l’humanité, tous les restes

549 1213 1368 64 fossiles de l’humanité quaternaire doivent tendre à disparaître et disparaîtront,

546 1262 1371 62 quelle que soit la bienveillance de ceux qui prennent leur défense. Je crois aussi

546 1309 1371 62 que, dans l’avenir de l’humanité, les choses se passeront peut-être autrement.

546 1350 1371 67 Deux grandes races, la race mongolique et la race blanche, sont appelées à se

552 1409 1368 58 croiser, plus qu’il ne faudrait peut-être pour le bonheur de l’humanité. Je crois

552 1458 1365 56 qu’il y aurait à prendre des précautions législatives pour empêcher que ce

552 1502 1365 61 mélange soit trop intense et trop profond, jusqu’à causer la décadence de notre

552 1552 1362 58 race blanche. Le Chinois déborde, et j’avoue que j’ai bien peur de ce déborde-

546 1596 684 58 ment en Europe. (Applaudissements.).

762 1721 948 71 DE L’ESTHÉTIOUE DES ANCIENS AMÉRICAINS,

596 1958 1324 64 Il peut paraître hardi, téméraire peut-être, de parler d’esthétique amé-

549 2008 1371 64 ricaine. L'esprit nourri dans la contemplation du beau antique se sent attristé

546 2052 1371 64 et blessé à l’aspect des monuments qui subsistent de l’Amérique ancienne dans

546 2096 1371 67 les musées et les collections; souvent même il en éprouve des sensations d’é-

549 2148 1371 64 pouvante et de dégoût. Personne de ceux qui ont parcouru l’énorme recueil

546 2195 1380 64 des fac-similés que lord Kingsborough a publié sous le titre d’Antiquities of

549 2250 781 59 Mexico, ne pourra, je crois, en disconvenir.

590 2294 1330 59 Je reconnais qu’il n’en est pas tout à fait de même quant aux œuvres litté-

546 2338 1371 62 raires. Dans le peu qui nous en reste, au Pérou comme dans l’Amérique cen-

543 2385 1374 64 trale, on trouve ça et là quelques pensées philosophiques, quelques images

546 2432 1371 64 poétiques rendues dans un style qui, sous le voile de la traduction, permet

549 2487 1368 56 de deviner qu’il n’est pas dépourvu de qualités littéraires (1). Il a au moins

543 2525 1374 65 celle d’une recherche ou d’une emphase naïve. Mais ce qu’on chercherait en

543 2572 1371 61 vain tant dans les produits littéraires de l’ancienne Amérique que dans ses

549 2628 1368 55 oeuvres artistiques proprement dites, c’est cette finesse et cette délicatesse de

549 2674 1368 68 goût qui est le propre caractère de l’esthétique, et dont nous sommes redevables

1026 1818 412 64 PAR M. CH. SCHOEBEL,

871 1870 728 62 VICE-PRÉSIDENT DE LA SOCIÉTÉ AMÉRICAINE DE FRANCE.

634 2774 1111 70 Surtout le drame péruvien Ollanta, nouvellement réédité par Pacheco Zegarra.

1683 2856 59 58 11.

967 3385 547 64 Droits reservés au Cnam et à ses partenaires
