<?xml version="1.0" encoding="UTF-8"?>
<alto xmlns:xsi="http://www.w3.org/2001/XMLSchema-instance"
      xmlns="http://www.loc.gov/standards/alto/ns-v4#"
      xsi:schemaLocation="http://www.loc.gov/standards/alto/ns-v4# http://www.loc.gov/standards/alto/v4/alto-4-2.xsd">
  <Description>
    <MeasurementUnit>pixel</MeasurementUnit>
    <sourceImageInformation>
            <fileName>ESTEBAN_classification-races-humaines_156.png</fileName>
      
    </sourceImageInformation>
  </Description>
  
  <Layout>
    <Page WIDTH="2479"
          HEIGHT="3508"
          PHYSICAL_IMG_NR="142"
          ID="eSc_dummypage_">
      <PrintSpace HPOS="0"
                  VPOS="0"
                  WIDTH="2479"
                  HEIGHT="3508">
        
        <TextBlock HPOS="549"
                   VPOS="596"
                   WIDTH="1389"
                   HEIGHT="2230"
                   ID="eSc_textblock_4264638a"
                   TAGREFS="BT">
          <Shape><Polygon POINTS="1169 596 1353 596 1391 654 1938 678 1926 2826 549 2826 561 689 584 654 1131 654 1110 631 1169 596"/></Shape>
          
          
          <TextLine ID="eSc_line_22af3280"
                    
                    BASELINE="1143 631 1353 631" 
                    HPOS="1140"
                    VPOS="578"
                    WIDTH="213"
                    HEIGHT="68">
            <Shape><Polygon POINTS="1143 631 1140 596 1213 578 1213 578 1213 578 1216 578 1216 578 1353 596 1353 631 1353 646 1143 646"/></Shape>
	    <String CONTENT="— 156 —"
                    HPOS="1140"
                    VPOS="578"
                    WIDTH="213"
                    HEIGHT="68"></String>
          </TextLine>

          
          
          <TextLine ID="eSc_line_9de45c07"
                    
                    BASELINE="570 695 1932 701" 
                    HPOS="564"
                    VPOS="646"
                    WIDTH="1368"
                    HEIGHT="64">
            <Shape><Polygon POINTS="570 695 570 646 1932 654 1932 701 1926 710 564 707"/></Shape>
	    <String CONTENT="tous les sens, et ont rattaché à ces tvpes, plus ou moins purs, par des métis-"
                    HPOS="564"
                    VPOS="646"
                    WIDTH="1368"
                    HEIGHT="64"></String>
          </TextLine>

          
          
          <TextLine ID="eSc_line_4b2aa487"
                    
                    BASELINE="570 748 1546 748" 
                    HPOS="570"
                    VPOS="701"
                    WIDTH="976"
                    HEIGHT="61">
            <Shape><Polygon POINTS="570 748 570 701 1546 701 1546 748 1546 762 570 762"/></Shape>
	    <String CONTENT="sages, toutes les populations qui leur étaient contiguës."
                    HPOS="570"
                    VPOS="701"
                    WIDTH="976"
                    HEIGHT="61"></String>
          </TextLine>

          
          
          <TextLine ID="eSc_line_4276604c"
                    
                    BASELINE="613 789 1926 792" 
                    HPOS="608"
                    VPOS="745"
                    WIDTH="1318"
                    HEIGHT="58">
            <Shape><Polygon POINTS="613 789 613 745 1923 748 1926 792 1920 803 608 800"/></Shape>
	    <String CONTENT="Quant à ceux qui partent du monogénisme, comme notre éminent profes-"
                    HPOS="608"
                    VPOS="745"
                    WIDTH="1318"
                    HEIGHT="58"></String>
          </TextLine>

          
          
          <TextLine ID="eSc_line_102a319c"
                    
                    BASELINE="570 838 1923 838" 
                    HPOS="570"
                    VPOS="798"
                    WIDTH="1353"
                    HEIGHT="55">
            <Shape><Polygon POINTS="570 838 570 798 1923 798 1923 838 1923 850 570 853"/></Shape>
	    <String CONTENT="seur, M. de Quatrefages, ils s’en vont de proche en proche, cherchant à rat-"
                    HPOS="570"
                    VPOS="798"
                    WIDTH="1353"
                    HEIGHT="55"></String>
          </TextLine>

          
          
          <TextLine ID="eSc_line_768d2341"
                    
                    BASELINE="567 882 1926 888" 
                    HPOS="561"
                    VPOS="838"
                    WIDTH="1365"
                    HEIGHT="59">
            <Shape><Polygon POINTS="567 882 567 838 1923 844 1926 888 1920 897 561 891"/></Shape>
	    <String CONTENT="tacher toute la race humaine actuelle à un tvpe unique, pris pour moyenne"
                    HPOS="561"
                    VPOS="838"
                    WIDTH="1365"
                    HEIGHT="59"></String>
          </TextLine>

          
          
          <TextLine ID="eSc_line_8fb5fb10"
                    
                    BASELINE="564 935 1663 935" 
                    HPOS="564"
                    VPOS="891"
                    WIDTH="1099"
                    HEIGHT="62">
            <Shape><Polygon POINTS="564 935 564 891 1663 891 1663 935 1663 947 564 953"/></Shape>
	    <String CONTENT="par une suite de dégradations et de différenciations graduelles."
                    HPOS="564"
                    VPOS="891"
                    WIDTH="1099"
                    HEIGHT="62"></String>
          </TextLine>

          
          
          <TextLine ID="eSc_line_eab5fdc7"
                    
                    BASELINE="610 973 1923 979" 
                    HPOS="605"
                    VPOS="932"
                    WIDTH="1318"
                    HEIGHT="59">
            <Shape><Polygon POINTS="610 973 610 932 1920 938 1923 979 1917 991 605 985"/></Shape>
	    <String CONTENT="Or, les découvertes de la paléontologie, surtout de la paléontologie hu-"
                    HPOS="605"
                    VPOS="932"
                    WIDTH="1318"
                    HEIGHT="59"></String>
          </TextLine>

          
          
          <TextLine ID="eSc_line_8294da50"
                    
                    BASELINE="567 1026 1923 1020" 
                    HPOS="564"
                    VPOS="982"
                    WIDTH="1359"
                    HEIGHT="58">
            <Shape><Polygon POINTS="567 1026 564 982 1917 982 1923 1020 1920 1034 567 1040"/></Shape>
	    <String CONTENT="maine et de la géologie, me semblent devoir modifier les principes de la classi-"
                    HPOS="564"
                    VPOS="982"
                    WIDTH="1359"
                    HEIGHT="58"></String>
          </TextLine>

          
          
          <TextLine ID="eSc_line_aee1cabe"
                    
                    BASELINE="564 1067 1926 1072" 
                    HPOS="558"
                    VPOS="1026"
                    WIDTH="1368"
                    HEIGHT="58">
            <Shape><Polygon POINTS="564 1067 564 1026 1923 1031 1926 1072 1920 1084 558 1078"/></Shape>
	    <String CONTENT="fication. M. Owen, dans le Congrès tenu à Londres, a bien voulu dire cette"
                    HPOS="558"
                    VPOS="1026"
                    WIDTH="1368"
                    HEIGHT="58"></String>
          </TextLine>

          
          
          <TextLine ID="eSc_line_a899a6cc"
                    
                    BASELINE="564 1113 1923 1122" 
                    HPOS="561"
                    VPOS="1069"
                    WIDTH="1362"
                    HEIGHT="68">
            <Shape><Polygon POINTS="564 1113 564 1069 1920 1078 1923 1122 1920 1134 561 1137"/></Shape>
	    <String CONTENT="parole, que j’accepte parfaitement, que la géographie actuelle, la distribution"
                    HPOS="561"
                    VPOS="1069"
                    WIDTH="1362"
                    HEIGHT="68"></String>
          </TextLine>

          
          
          <TextLine ID="eSc_line_2f7dbad0"
                    
                    BASELINE="564 1160 1926 1172" 
                    HPOS="558"
                    VPOS="1119"
                    WIDTH="1368"
                    HEIGHT="64">
            <Shape><Polygon POINTS="564 1160 564 1119 1923 1131 1926 1172 1920 1183 558 1172"/></Shape>
	    <String CONTENT="actuelle de nos continents, de nos mers, ne peut pas rendre compte de la dis¬"
                    HPOS="558"
                    VPOS="1119"
                    WIDTH="1368"
                    HEIGHT="64"></String>
          </TextLine>

          
          
          <TextLine ID="eSc_line_147f58ea"
                    
                    BASELINE="567 1216 1508 1210" 
                    HPOS="561"
                    VPOS="1169"
                    WIDTH="947"
                    HEIGHT="61">
            <Shape><Polygon POINTS="567 1216 561 1172 1499 1169 1508 1210 1505 1224 567 1230"/></Shape>
	    <String CONTENT="tribution ethnographique. Il faut remonter plus haut."
                    HPOS="561"
                    VPOS="1169"
                    WIDTH="947"
                    HEIGHT="61"></String>
          </TextLine>

          
          
          <TextLine ID="eSc_line_432bc305"
                    
                    BASELINE="608 1259 1926 1259" 
                    HPOS="608"
                    VPOS="1219"
                    WIDTH="1318"
                    HEIGHT="58">
            <Shape><Polygon POINTS="608 1259 608 1219 1926 1219 1926 1259 1926 1277 608 1277"/></Shape>
	    <String CONTENT="Avant M. Owen, j’avais déjà soutenu la même thèse, et fait intervenir dans"
                    HPOS="608"
                    VPOS="1219"
                    WIDTH="1318"
                    HEIGHT="58"></String>
          </TextLine>

          
          
          <TextLine ID="eSc_line_c82e1853"
                    
                    BASELINE="564 1303 1923 1309" 
                    HPOS="558"
                    VPOS="1254"
                    WIDTH="1365"
                    HEIGHT="67">
            <Shape><Polygon POINTS="564 1303 564 1254 1920 1265 1923 1309 1917 1321 558 1318"/></Shape>
	    <String CONTENT="la distribution des races certains changements géographiques survenus sur"
                    HPOS="558"
                    VPOS="1254"
                    WIDTH="1365"
                    HEIGHT="67"></String>
          </TextLine>

          
          
          <TextLine ID="eSc_line_0f6568c8"
                    
                    BASELINE="564 1353 1651 1353" 
                    HPOS="564"
                    VPOS="1309"
                    WIDTH="1087"
                    HEIGHT="62">
            <Shape><Polygon POINTS="564 1353 564 1309 1651 1312 1651 1353 1651 1371 564 1371"/></Shape>
	    <String CONTENT="toute la surface du globe dans la dernière période géologique."
                    HPOS="564"
                    VPOS="1309"
                    WIDTH="1087"
                    HEIGHT="62"></String>
          </TextLine>

          
          
          <TextLine ID="eSc_line_cafae61b"
                    
                    BASELINE="608 1397 1926 1403" 
                    HPOS="602"
                    VPOS="1350"
                    WIDTH="1324"
                    HEIGHT="64">
            <Shape><Polygon POINTS="608 1397 608 1350 1923 1359 1926 1403 1920 1414 602 1409"/></Shape>
	    <String CONTENT="L’humanité remonte plus haut que nous ne l’avions pensé; elle remonte plus"
                    HPOS="602"
                    VPOS="1350"
                    WIDTH="1324"
                    HEIGHT="64"></String>
          </TextLine>

          
          
          <TextLine ID="eSc_line_41b211f3"
                    
                    BASELINE="564 1447 1926 1447" 
                    HPOS="564"
                    VPOS="1397"
                    WIDTH="1362"
                    HEIGHT="67">
            <Shape><Polygon POINTS="564 1447 564 1397 1926 1409 1926 1447 1926 1464 564 1464"/></Shape>
	    <String CONTENT="loin qu’aux derniers changements apportés sur la surface du globe : elle re-"
                    HPOS="564"
                    VPOS="1397"
                    WIDTH="1362"
                    HEIGHT="67"></String>
          </TextLine>

          
          
          <TextLine ID="eSc_line_a17e774e"
                    
                    BASELINE="564 1490 1926 1496" 
                    HPOS="558"
                    VPOS="1447"
                    WIDTH="1368"
                    HEIGHT="61">
            <Shape><Polygon POINTS="564 1490 564 1447 1923 1452 1926 1496 1920 1508 558 1505"/></Shape>
	    <String CONTENT="monte aux premiers temps de la création des mammifères. Si elle ne remonte"
                    HPOS="558"
                    VPOS="1447"
                    WIDTH="1368"
                    HEIGHT="61"></String>
          </TextLine>

          
          
          <TextLine ID="eSc_line_d2b17915"
                    
                    BASELINE="561 1537 1923 1543" 
                    HPOS="558"
                    VPOS="1493"
                    WIDTH="1365"
                    HEIGHT="68">
            <Shape><Polygon POINTS="561 1537 561 1493 1920 1499 1923 1543 1920 1561 558 1561"/></Shape>
	    <String CONTENT="pas jusqu’aux temps secondaires, certainement elle remonte jusqu’aux temps"
                    HPOS="558"
                    VPOS="1493"
                    WIDTH="1365"
                    HEIGHT="68"></String>
          </TextLine>

          
          
          <TextLine ID="eSc_line_80ccb3df"
                    
                    BASELINE="561 1587 1923 1593" 
                    HPOS="555"
                    VPOS="1543"
                    WIDTH="1368"
                    HEIGHT="58">
            <Shape><Polygon POINTS="561 1587 561 1543 1920 1549 1923 1593 1917 1601 555 1596"/></Shape>
	    <String CONTENT="tertiaires; du moins, à la fin des temps tertiaires, sommes-nous à peu près"
                    HPOS="555"
                    VPOS="1543"
                    WIDTH="1368"
                    HEIGHT="58"></String>
          </TextLine>

          
          
          <TextLine ID="eSc_line_70fdd770"
                    
                    BASELINE="561 1634 1923 1639" 
                    HPOS="555"
                    VPOS="1590"
                    WIDTH="1368"
                    HEIGHT="61">
            <Shape><Polygon POINTS="561 1634 561 1590 1920 1596 1923 1639 1917 1651 555 1645"/></Shape>
	    <String CONTENT="certains de son existence. La paléontologie humaine, étudiée surtout en Eu-"
                    HPOS="555"
                    VPOS="1590"
                    WIDTH="1368"
                    HEIGHT="61"></String>
          </TextLine>

          
          
          <TextLine ID="eSc_line_aa30a2fc"
                    
                    BASELINE="561 1680 1920 1686" 
                    HPOS="555"
                    VPOS="1637"
                    WIDTH="1365"
                    HEIGHT="61">
            <Shape><Polygon POINTS="561 1680 561 1637 1917 1642 1920 1686 1914 1698 555 1692"/></Shape>
	    <String CONTENT="rope, nous y montre une succession, au minimum, d’au moins quatre races,"
                    HPOS="555"
                    VPOS="1637"
                    WIDTH="1365"
                    HEIGHT="61"></String>
          </TextLine>

          
          
          <TextLine ID="eSc_line_0591cb6d"
                    
                    BASELINE="561 1730 1923 1730" 
                    HPOS="561"
                    VPOS="1689"
                    WIDTH="1362"
                    HEIGHT="59">
            <Shape><Polygon POINTS="561 1730 561 1689 1923 1689 1923 1730 1923 1748 561 1748"/></Shape>
	    <String CONTENT="qui nous présentent des développements graduels. Tandis que la première de"
                    HPOS="561"
                    VPOS="1689"
                    WIDTH="1362"
                    HEIGHT="59"></String>
          </TextLine>

          
          
          <TextLine ID="eSc_line_9806d981"
                    
                    BASELINE="561 1774 1920 1780" 
                    HPOS="555"
                    VPOS="1730"
                    WIDTH="1365"
                    HEIGHT="62">
            <Shape><Polygon POINTS="561 1774 561 1730 1917 1733 1920 1780 1914 1792 555 1786"/></Shape>
	    <String CONTENT="ces races a des affinités avec les races les plus infimes de l’Australie, ou plutôt"
                    HPOS="555"
                    VPOS="1730"
                    WIDTH="1365"
                    HEIGHT="62"></String>
          </TextLine>

          
          
          <TextLine ID="eSc_line_163ac61f"
                    
                    BASELINE="561 1821 1923 1827" 
                    HPOS="555"
                    VPOS="1777"
                    WIDTH="1368"
                    HEIGHT="61">
            <Shape><Polygon POINTS="561 1821 561 1777 1920 1783 1923 1827 1917 1838 555 1832"/></Shape>
	    <String CONTENT="du sud de l’Amérique australe, et leur est inférieure encore, au contraire, la"
                    HPOS="555"
                    VPOS="1777"
                    WIDTH="1368"
                    HEIGHT="61"></String>
          </TextLine>

          
          
          <TextLine ID="eSc_line_7b785e7b"
                    
                    BASELINE="561 1868 1923 1873" 
                    HPOS="558"
                    VPOS="1824"
                    WIDTH="1365"
                    HEIGHT="61">
            <Shape><Polygon POINTS="561 1868 561 1824 1920 1830 1923 1873 1920 1885 558 1885"/></Shape>
	    <String CONTENT="seconde de ces races montre déjà des progrès évidents; la troisième a des"
                    HPOS="558"
                    VPOS="1824"
                    WIDTH="1365"
                    HEIGHT="61"></String>
          </TextLine>

          
          
          <TextLine ID="eSc_line_6830d002"
                    
                    BASELINE="561 1914 1920 1920" 
                    HPOS="555"
                    VPOS="1870"
                    WIDTH="1365"
                    HEIGHT="62">
            <Shape><Polygon POINTS="561 1914 561 1870 1917 1876 1920 1920 1914 1932 555 1929"/></Shape>
	    <String CONTENT="représentants encore vivants parmi les Guanches, les Basques, les Corses, les"
                    HPOS="555"
                    VPOS="1870"
                    WIDTH="1365"
                    HEIGHT="62"></String>
          </TextLine>

          
          
          <TextLine ID="eSc_line_41d2ace1"
                    
                    BASELINE="561 1961 1920 1967" 
                    HPOS="558"
                    VPOS="1911"
                    WIDTH="1362"
                    HEIGHT="71">
            <Shape><Polygon POINTS="561 1961 561 1911 1917 1923 1920 1967 1917 1982 558 1982"/></Shape>
	    <String CONTENT="Berbers; enfin, la quatrième de ces races quaternaires, qui ont certainement"
                    HPOS="558"
                    VPOS="1911"
                    WIDTH="1362"
                    HEIGHT="71"></String>
          </TextLine>

          
          
          <TextLine ID="eSc_line_66f02dda"
                    
                    BASELINE="561 2014 1920 2008" 
                    HPOS="555"
                    VPOS="1967"
                    WIDTH="1365"
                    HEIGHT="61">
            <Shape><Polygon POINTS="561 2014 555 1973 1911 1967 1920 2008 1917 2022 561 2028"/></Shape>
	    <String CONTENT="existé en Europe, antérieurement à toute espèce de civilisation historique, ne"
                    HPOS="555"
                    VPOS="1967"
                    WIDTH="1365"
                    HEIGHT="61"></String>
          </TextLine>

          
          
          <TextLine ID="eSc_line_6498a071"
                    
                    BASELINE="561 2058 1917 2063" 
                    HPOS="558"
                    VPOS="2008"
                    WIDTH="1359"
                    HEIGHT="67">
            <Shape><Polygon POINTS="561 2058 558 2011 1911 2008 1917 2063 1914 2072 558 2075"/></Shape>
	    <String CONTENT="présente aucune différence caractéristique avec les races blanches actuelles, qui"
                    HPOS="558"
                    VPOS="2008"
                    WIDTH="1359"
                    HEIGHT="67"></String>
          </TextLine>

          
          
          <TextLine ID="eSc_line_5823aad6"
                    
                    BASELINE="561 2110 1771 2104" 
                    HPOS="555"
                    VPOS="2063"
                    WIDTH="1216"
                    HEIGHT="68">
            <Shape><Polygon POINTS="561 2110 555 2066 1762 2063 1771 2104 1768 2119 561 2131"/></Shape>
	    <String CONTENT="permette de les en séparer, au moins au point de vue de l’anatomie."
                    HPOS="555"
                    VPOS="2063"
                    WIDTH="1216"
                    HEIGHT="68"></String>
          </TextLine>

          
          
          <TextLine ID="eSc_line_553d7c1a"
                    
                    BASELINE="602 2154 1920 2145" 
                    HPOS="596"
                    VPOS="2107"
                    WIDTH="1324"
                    HEIGHT="65">
            <Shape><Polygon POINTS="602 2154 596 2110 1911 2107 1920 2145 1917 2163 602 2172"/></Shape>
	    <String CONTENT="Eh bien ! si, pendant la période quaternaire certainement, et pendant la"
                    HPOS="596"
                    VPOS="2107"
                    WIDTH="1324"
                    HEIGHT="65"></String>
          </TextLine>

          
          
          <TextLine ID="eSc_line_c5ccd9f7"
                    
                    BASELINE="561 2201 1923 2201" 
                    HPOS="561"
                    VPOS="2157"
                    WIDTH="1362"
                    HEIGHT="64">
            <Shape><Polygon POINTS="561 2201 561 2157 1923 2160 1923 2201 1923 2215 561 2221"/></Shape>
	    <String CONTENT="période tertiaire probablement, car, pour cette dernière, nous n’avons pas de"
                    HPOS="561"
                    VPOS="2157"
                    WIDTH="1362"
                    HEIGHT="64"></String>
          </TextLine>

          
          
          <TextLine ID="eSc_line_4ccdef72"
                    
                    BASELINE="558 2250 1917 2242" 
                    HPOS="549"
                    VPOS="2198"
                    WIDTH="1368"
                    HEIGHT="67">
            <Shape><Polygon POINTS="558 2250 549 2207 1908 2198 1917 2242 1914 2259 558 2265"/></Shape>
	    <String CONTENT="documents absolument certains, nous signalons déjà, en Europe, l’existence"
                    HPOS="549"
                    VPOS="2198"
                    WIDTH="1368"
                    HEIGHT="67"></String>
          </TextLine>

          
          
          <TextLine ID="eSc_line_2c95f3c4"
                    
                    BASELINE="558 2297 1920 2297" 
                    HPOS="558"
                    VPOS="2253"
                    WIDTH="1362"
                    HEIGHT="59">
            <Shape><Polygon POINTS="558 2297 558 2253 1920 2253 1920 2297 1920 2312 558 2312"/></Shape>
	    <String CONTENT="de plusieurs races distinctes, nous sommes amenés à croire que, dans les autres"
                    HPOS="558"
                    VPOS="2253"
                    WIDTH="1362"
                    HEIGHT="59"></String>
          </TextLine>

          
          
          <TextLine ID="eSc_line_47d7ebca"
                    
                    BASELINE="561 2347 1607 2341" 
                    HPOS="555"
                    VPOS="2297"
                    WIDTH="1052"
                    HEIGHT="67">
            <Shape><Polygon POINTS="561 2347 555 2300 1599 2297 1607 2341 1604 2353 561 2364"/></Shape>
	    <String CONTENT="parties du monde, une succession analogue a dû avoir lieu."
                    HPOS="555"
                    VPOS="2297"
                    WIDTH="1052"
                    HEIGHT="67"></String>
          </TextLine>

          
          
          <TextLine ID="eSc_line_80585e78"
                    
                    BASELINE="599 2388 1920 2388" 
                    HPOS="599"
                    VPOS="2347"
                    WIDTH="1321"
                    HEIGHT="58">
            <Shape><Polygon POINTS="599 2388 599 2347 1920 2347 1920 2388 1920 2405 599 2405"/></Shape>
	    <String CONTENT="Comment une race arrive-t-elle à succéder à une autre race? Il est évident"
                    HPOS="599"
                    VPOS="2347"
                    WIDTH="1321"
                    HEIGHT="58"></String>
          </TextLine>

          
          
          <TextLine ID="eSc_line_d387d608"
                    
                    BASELINE="558 2438 1914 2432" 
                    HPOS="552"
                    VPOS="2391"
                    WIDTH="1362"
                    HEIGHT="61">
            <Shape><Polygon POINTS="558 2438 552 2397 1906 2391 1914 2432 1911 2446 558 2452"/></Shape>
	    <String CONTENT="que ce ne peut être que par la conquête et la destruction ou par le mélange."
                    HPOS="552"
                    VPOS="2391"
                    WIDTH="1362"
                    HEIGHT="61"></String>
          </TextLine>

          
          
          <TextLine ID="eSc_line_1b4220f4"
                    
                    BASELINE="558 2478 1917 2484" 
                    HPOS="552"
                    VPOS="2435"
                    WIDTH="1365"
                    HEIGHT="61">
            <Shape><Polygon POINTS="558 2478 558 2435 1914 2443 1917 2484 1911 2496 552 2490"/></Shape>
	    <String CONTENT="Comment une race peut-elle prendre des caractères typiques ? Elle ne peut les"
                    HPOS="552"
                    VPOS="2435"
                    WIDTH="1365"
                    HEIGHT="61"></String>
          </TextLine>

          
          
          <TextLine ID="eSc_line_107fcedf"
                    
                    BASELINE="555 2531 1920 2531" 
                    HPOS="555"
                    VPOS="2490"
                    WIDTH="1365"
                    HEIGHT="62">
            <Shape><Polygon POINTS="555 2531 555 2490 1920 2490 1920 2531 1920 2546 555 2552"/></Shape>
	    <String CONTENT="prendre, en général, que par l’isolement. Par conséquent, il faut que les"
                    HPOS="555"
                    VPOS="2490"
                    WIDTH="1365"
                    HEIGHT="62"></String>
          </TextLine>

          
          
          <TextLine ID="eSc_line_e3c1e94e"
                    
                    BASELINE="555 2578 1914 2578" 
                    HPOS="552"
                    VPOS="2534"
                    WIDTH="1362"
                    HEIGHT="64">
            <Shape><Polygon POINTS="555 2578 555 2534 1914 2534 1914 2578 1911 2598 552 2592"/></Shape>
	    <String CONTENT="races se forment et prennent leurs caractères typiques dans des milieux isolés,"
                    HPOS="552"
                    VPOS="2534"
                    WIDTH="1362"
                    HEIGHT="64"></String>
          </TextLine>

          
          
          <TextLine ID="eSc_line_71dc5284"
                    
                    BASELINE="555 2625 1914 2619" 
                    HPOS="549"
                    VPOS="2581"
                    WIDTH="1365"
                    HEIGHT="61">
            <Shape><Polygon POINTS="555 2625 549 2587 1906 2581 1914 2619 1911 2636 555 2642"/></Shape>
	    <String CONTENT="entre des frontières parfaitement limitées, et autant que possible infranchis-"
                    HPOS="549"
                    VPOS="2581"
                    WIDTH="1365"
                    HEIGHT="61"></String>
          </TextLine>

          
          
          <TextLine ID="eSc_line_4d3db8bc"
                    
                    BASELINE="555 2671 1920 2671" 
                    HPOS="555"
                    VPOS="2631"
                    WIDTH="1365"
                    HEIGHT="58">
            <Shape><Polygon POINTS="555 2671 555 2631 1920 2631 1920 2671 1920 2686 555 2689"/></Shape>
	    <String CONTENT="sables, c’est-à-dire dans des iles, des continents d’une médiocre étendue, ou"
                    HPOS="555"
                    VPOS="2631"
                    WIDTH="1365"
                    HEIGHT="58"></String>
          </TextLine>

          
          
          <TextLine ID="eSc_line_f89b823b"
                    
                    BASELINE="552 2718 1917 2718" 
                    HPOS="552"
                    VPOS="2677"
                    WIDTH="1365"
                    HEIGHT="59">
            <Shape><Polygon POINTS="552 2718 552 2677 1917 2677 1917 2718 1917 2736 552 2736"/></Shape>
	    <String CONTENT="dans les grands bassins environnés de hautes montagnes, rendues presque in-"
                    HPOS="552"
                    VPOS="2677"
                    WIDTH="1365"
                    HEIGHT="59"></String>
          </TextLine>

          
          
          <TextLine ID="eSc_line_4df4b897"
                    
                    BASELINE="552 2765 1917 2765" 
                    HPOS="552"
                    VPOS="2721"
                    WIDTH="1365"
                    HEIGHT="62">
            <Shape><Polygon POINTS="552 2765 552 2721 1917 2724 1917 2765 1917 2783 552 2783"/></Shape>
	    <String CONTENT="franchissables par leurs frimas. Voilà les conditions qui sont nécessaires à la"
                    HPOS="552"
                    VPOS="2721"
                    WIDTH="1365"
                    HEIGHT="62"></String>
          </TextLine>

          
          
          <TextLine ID="eSc_line_d86e9ad8"
                    
                    BASELINE="552 2818 1920 2818" 
                    HPOS="552"
                    VPOS="2768"
                    WIDTH="1368"
                    HEIGHT="67">
            <Shape><Polygon POINTS="552 2818 552 2768 1920 2774 1920 2818 1920 2835 552 2835"/></Shape>
	    <String CONTENT="formation de races typiques, de races pures. Si ces éléments typiques, qui se"
                    HPOS="552"
                    VPOS="2768"
                    WIDTH="1368"
                    HEIGHT="67"></String>
          </TextLine>

          
        </TextBlock>
        
        <TextBlock HPOS="970"
                   VPOS="3391"
                   WIDTH="547"
                   HEIGHT="43"
                   ID="eSc_textblock_90d680fb"
                   TAGREFS="BT">
          <Shape><Polygon POINTS="970 3391 1470 3391 1517 3423 970 3434 970 3391"/></Shape>
          
        </TextBlock>
        

        
        <TextBlock ID="eSc_dummyblock_">
          
          
          <TextLine ID="eSc_line_83ab2dd8"
                    
                    BASELINE="967 3429 1508 3429" 
                    HPOS="967"
                    VPOS="3385"
                    WIDTH="541"
                    HEIGHT="64">
            <Shape><Polygon POINTS="967 3429 967 3385 1508 3385 1508 3429 1508 3449 967 3449"/></Shape>
	    <String CONTENT="Droits reservés au Cnam et à ses partenaires"
                    HPOS="967"
                    VPOS="3385"
                    WIDTH="541"
                    HEIGHT="64"></String>
          </TextLine>

          
        </TextBlock>
        
      </PrintSpace>
    </Page>
  </Layout>
</alto>
