2479 3508
1119 575 216 65 — 159 —

543 646 1368 64 tinents les moins habitables, c’est-à-dire sous les zones torrides ou polaires,

543 698 1371 59 et enfin dans les habitats les plus arides que les races supérieures veulent

549 742 1225 67 leur laisser, parce qu’ils ne valent pas la peine de leur être disputés.

590 792 1321 58 Quels sont donc ces négritos, dont je crois devoir vous donner un peu

549 836 1359 67 les traits caractéristiques? C’est une petite race. Je ne puis pas entrer ici

552 891 1359 59 dans des détails absolument précis, mais d’une manière très approximative;

549 938 1365 58 on peut donner, en général, à la race négritos 5 pieds anglais ou 1m,50 de

552 982 1359 61 taille, un peu plus, un peu moins, souvent moins. La carnation est noirâtre;

543 1023 1374 64 le système pileux est peu développé sur le corps, et les cheveux paraissent

543 1075 1272 68 plantés en touffes; l'iris est toujours formé et l’intelligence très bornée.

599 1125 1315 58 Quant à leurs mœurs, elles sont assez variables; on trouve des populations

546 1169 1368 58 très douces, très sociables, comme celles des iles Andaman. D’autres, au

546 1213 1368 61 contraire, ont des caractères de férocité très remarquables. Ces races, du

546 1259 1371 62 reste, diffèrent beaucoup entre elles de nuances; il y a des différences dans la

555 1309 1362 62 taille, dans la chevelure. A côté de ce groupe de négritos, il y a le rameau

549 1353 1368 61 papou qui en diffère considérablement. En effet, le rameau papou n’a pas

546 1397 1368 64 la même couleur noirâtre; tandis que le négritos est, en général, d’un noir

552 1449 1362 59 un peu roux, un peu couleur de suie ou même de café, variant du café noir

552 1502 1368 56 au café au lait, vous trouvez chez les Papous un noir bleuâtre, un gris de

546 1543 1368 61 fer, des nuances enfin tout à fait caractéristiques d’un type spécial; de plus,

552 1593 1371 55 vous remarquez chez eux, en général, une forme du crâne spéciale, indiquant

552 1639 1362 62 une race différente qui a dû se développer dans un habitat géographique isolé.

599 1689 1321 59 Quant aux noirs de l’Australie, on les rapporte, en général, à deux races

546 1727 1371 65 sur lesquelles on est loin d’être fixé, car les uns prétendent que ceux du Nord

549 1774 1368 70 sont supérieurs à ceux du Sud et d’autres affirment le contraire. Je laisserai

549 1827 1368 64 cette controverse aux savants jusqu’à ce qu’elle soit élucidée. Mais si de la

558 1862 1362 73 Papouasie et de la Mélanésie nous passons sur le continent asiatique, nous

558 1917 1362 65 trouvons encore là des traces de populations qui n’appartiennent pas à l’hu-

561 1973 1362 58 manité actuelle, qui lui sont antérieures et qui pendant longtemps se sont

561 2020 1362 58 elles-mêmes ramifiées en un grand nombre de races aujourd’hui plus ou moins

555 2063 459 62 atteintes par le métissage.

599 2104 1327 65 Dans les montagnes centrales de l’Inde, comme dans l’île de Ceylan, nous

552 2154 862 61 trouvons les traces de ces anciennes populations.

605 2201 1318 64 Les populations noires de l’Inde centrale peuvent plus ou moins se rattacher

561 2248 1365 67 à l’élément négritos, mais elles nous présentent encore quelque chose de beau-

599 2385 1327 67 En 1824, un colon anglais, M. Piddington, établi au centre de l’Hindoustan, vers

555 2423 1371 67 le bassin supérieur de la Nerbudda, vit arviver, avec une bande d’ouvriers Daughours

561 2473 1362 64 qui venait travailler chaque année à la plantation, un homme et une femme d’étrange

564 2522 1362 56 aspect et que les Daughours désignaient sous le nom de peuple-singe. Ils avaient un

564 2557 1362 65 langage à part. Autant qu’on en put apprendre par signes, ils vivaient bien au delà des

558 2601 1365 62 Daughours, dans les forêts et les montagnes, et n’avaient que peu de villages. Il parai-

555 2642 1371 59 trait que l’homme s’était sauvé avec la femme à la suite de quelque accident, peut-être

561 2689 1362 61 d’un meurtre volontaire. Ce qui est certain, c’est que les Daughours les avaient recueillis

564 2733 1365 64 perdus dans les bois, épuisés et morts de faim. Ils disparurent une nuit, au moment

967 3385 544 64 Droits reservés au Cnam et à ses partenaires

555 2300 269 59 coup inférieur.

561 2774 772 61 où M. Piddington voulait les envoyer à Calcutta.
