2479 3508
1137 575 213 68 — 158 —

555 648 1374 65 ticipe à ce mouvement qui résulte de la force centrifuge, et que, par consé-

558 704 1365 58 quent, si l’équateur se déplace, il est probable aussi que ces grands plateaux,

555 745 1368 61 qui sont aujourd’hui si élevés relativement au centre du globe, subiront un

555 792 1368 64 mouvement d’affaissement correspondant qui, peut-être, remettra leur altitude

555 838 1371 65 absolue un peu plus en harmonie avec l’altitude des autres massifs orogra-

561 891 161 64 phiques.

608 932 1321 67 Si je suis entrée dans ces développements, c’est pour vous montrer comment

555 979 1365 67 on peut admettre que les massifs continentaux se trouvent successivement,

555 1020 1365 70 lentement, degré par degré, transformés en îles; pour vous faire comprendre

552 1075 1374 62 que des archipels actuels, au contraire, peuvent être, un jour, ramenés à

549 1116 1377 67 I’état continental par le fait du déplacement des eaux, sans avoir besoin

552 1169 1371 61 d’admettre tous ces grands mouvements locaux de l’écorce du globe, avec les-

561 1221 769 59 quels, jusqu’ici, on a voulu tout expliquer.

599 1262 1324 65 Nous allons voir maintenant comment la distribution actuelle des races hu-

558 1309 1365 64 maines nous montre la trace d’humanités inférieures et en quelque sorte anté-

558 1356 1362 64 rieures, mélées aux races supérieures qui constituent l’humanité vivante; nous

555 1403 1365 64 allons retrouver parmi les races humaines des groupes ethniques qui méritent

561 1449 1359 65 le nom de fossiles vivants, exactement comme dans la paléontologie zoologique

561 1505 1356 58 nous trouvons, dans l’ornithorhynque et dans l’échidné, les représentants de

558 1546 1362 64 races depuis longtemps disparues. Nous avons dans chacun de nos trois con-

561 1593 1359 64 tinents des races qui ne trouvent pas leur place dans les rangs de l’humanité

555 1645 1365 62 actuelle, qui sont évidemment les restes dispersés d’humanités antérieures,

555 1686 1362 65 et avec lesquelles nos races actuelles ont pu se mélanger plus ou moins,

558 1739 1228 61 mais qui appartiennent cependant à un monde qui n'est plus le nôtre.

599 1783 1321 61 Ainsi, prenons d’abord l’Asie, avec l’archipel guinéen qui est dans sa dé-

558 1832 1362 65 pendance. Laissons à part les quatre grandes races qui sont en majorité aujour-

552 1876 1365 62 d’hui sur la terre : notre race blanche, le grand groupe des races jaunes,

561 1929 1359 61 mongoloïdes, la race nègre africaine et la race rouge en Amérique. Je les

558 1970 1362 61 caractérise par la couleur de leur peau qui est fixe, et qui est en rapport avec

558 2022 1359 59 d’autres caractères physiologiques ; la couleur de l’iris et la couleur des che-

552 2063 1368 62 veux. A côté de ces quatre grandes races, vous retrouvez partout les restes

552 2110 1368 64 fossiles quoique vivants d’humanités disparues, qui ont été probablement les

552 2160 743 61 contemporaines de nos races quaternaires.

596 2204 1321 64 En Asie, nous trouvons la race négritos, très bas placée dans l’échelle hu-

558 2259 1362 56 maine. Elle occupe un certain nombre d’îles de la Mélanésie, car on a pris ce

552 2300 1362 64 nom de même Mélanésie de ses habitants, d’un noir beaucoup moins foncé,

552 2350 1368 61 moins prononcé que les nègres guinéens, mais qui méritent parfaitement le

549 2397 1368 61 nom de race noire. Les négritos et certaines races qui leur sont proches alliés

549 2446 1365 59 occupent un certain nombre d’iles, des deux côtés de la presqu'île de Malacca,

546 2484 1371 68 les Philippines, les îles Andaman, beaucoup d’autres qui entourent le massif

549 2540 1371 58 de la Nouvelle-Guinée et le grand plateau de l’Australie. Généralement, ces

546 2587 1374 58 restes se sont conservés dans des iles, et on les voit chassés de plus en plus

552 2636 1368 62 par l’invasion malayo-polynésienne dans les montagnes de ces iles, où elles

546 2677 1371 59 cherchent un refuge. C’est une loi générale que presque toutes les races

549 2730 1365 64 antérieures et inférieures sont toujours chassées par les races supérieures,

549 2774 1368 64 nouvelles venues, vers les massifs de montagnes, vers les extrémités des con-

967 3385 538 64 Droits reservés au Cnam et à ses partenaires
