2479 3508
1128 578 213 68 — 155 —

549 643 1368 70 lintéressante, si conforme avec les faits de notre histoire au moyen âge. Oui,

552 695 1365 65 des Roumains ont pu se trouver dans les rangs des Tartares, et M. Cahun vient)

549 742 1365 67 d’affirmer le fait. Il y a des chroniques tartares, compilées sur l’ordre du sultan

555 783 1362 73 Mahmud Gazou-Khan, en 1303, par son médecin Fazil Ulach (Vach ?), sur-

558 844 1359 59 nommé Rasid, qui racontent l’expédition des Tartares en 1340. Ces Tartares

555 885 1359 65 passèrent l’Olto (Aluta) et trouvèrent Bazaranban, le prince des Roumains.

552 932 1365 61 Mais qu’est-il besoin d’insister sur ce point? Oui, les Roumains ont souvent

552 979 1365 64 accompagné les barbares, qu’ils ne réussissaient pas à arrêter. Les Niebelungen

558 1031 1359 59 ont un passage où il est rapporté qu’un prince valaque, portant le nom de Ro-

558 1078 1359 59 mun (par corruption du mot Roumain), accompagnait Attila. C’était, au moyen

552 1128 1365 58 âge, un moyen de se sauver sur le bas Danube. On était obligé d’accompagner

552 1166 1362 67 le conquérant, si on ne voulait pas courir le risque d’être écrasé. Hélas! vous

552 1219 1359 64 (n’en voudrez pas aux modernes Roumains d’avoir suivi la même tactique, lorsque,

549 1262 1368 65 comme dans le passé, la Roumanie actuelle s’est vue seule en face de ses deux

549 1309 544 67 (ennemis! (Applaudissements.)

599 1382 1052 65 M. Léon Cahun. C’est les comparer un peu à Attila. (Rires.)

599 1455 956 70 M. Le Président. La parole est à Mme Clémence Royer.

736 1584 991 73 DE LA CLASSIFICATION DES RACES HUMAINES,

988 1672 482 67 PAR Mme CLÉMENCE ROYER,

917 1733 632 61 MEMBRE LIBRE DE LA SOCIÉTÉ D'ETHNOGRAPHIE

596 1827 1324 64 (Mme Clémence Royer. Messieurs, Mesdames, dans les cours instants que je

558 1876 1362 62 veux emprunter à votre attention, dans cette assemblée où tant d’hommes de

558 1923 1362 64 différents pays, compétents à divers titres, se pressent pour nous apporter leur

552 1973 1368 58 contribution au grand édifice de la science, je ne puis avoir la prétention de

555 2014 1368 67 vous donner, sous le titre que j’ai pris, que la classification générale des races

552 2058 193 67 humaines.

596 2110 1327 64 Pour dresser une telle statistique de l’humanité passée et présente, il faudrait

552 2157 1368 64 toute une vie; pour concilier tous les systèmes de classification qui ont été

552 2207 1368 61 tentés jusqu’ici, pour caractériser chaque race d’après les faits enregistrés par

555 2250 1368 65 la science moderne et, de plus, pour exposer les résultats de ces investiga-

555 2294 1368 68 tions, il ne faudrait pas quelques instants, mais une longue exposition, un

552 2350 576 58 cours suivi de plusieurs années.

599 2397 1324 61 Je ne puis donc qu’essayer de présenter les principes qui doivent présider à

561 2443 1362 62 une classification, principes qui jusqu’à présent ont été négligés, et pour-

555 2493 1365 59 quoi? Parce qu’ils sont empruntés aux découvertes modernes de la science.

543 2531 1380 67 Jusqu'à présent toutes les classifications des races humaines ont été fondées

549 2581 1377 64 sur la géographie exclusivement, c’est-à-dire sur le principe de la contiguïté

549 2633 1377 59 des populations et des races. Selon qu’on part du polygénisme ou du mono-

549 2677 1377 70 génisme, deux questions qui doivent être supprimées par la théorie transfor-

558 2730 1368 55 miste, les ethnographes ont pris un ou plusieurs types humains qu’ils ont

558 2774 1371 64 voulu faire rayonner soit dans un sens, soit dans plusieurs sens, soit dans

967 3385 544 64 Droits reservés au Cnam et à ses partenaires
