2480 3507
1143 578 1351 648 — 172 —
555 648 1933 713 mais, en même temps, ses principes se sont compliqués et partant ont perdu
555 701 1605 762 de leur simplicité, peut-être même de leur clarté primitive.
602 745 1927 806 A côté des deux grandes familles dites sémitique et aryenne, on a reconnu
555 786 1930 856 I’existence de quelques autres familles, moins nettement caractérisées, il est
564 844 1930 903 vrai, mais suffisamment distinctes les unes des autres, pour qu’on ait pu les
555 885 1927 946 admettre dans la classification des langues asiatiques. On a déterminé, au
561 941 1927 996 moins en partie, les affinités de trois rameaux naguère épars : le finnois, le
558 979 1927 1043 magyar et le turc, et on les a rattachés, au point de vue grammatical, aux
555 1022 1927 1087 idiomes de la longue zone de l’Asie centrale où sont parlés le tibétain, le
555 1075 1924 1133 mongol, le mandchou et le japonais, de façon à former la famille dite finno-
555 1128 1930 1189 japonaise. D’un autre côté, au sein de l’Inde civilisée par les Aryens, mais dont
555 1169 1930 1230 ceux-ci ne sauraient plus être considérés comme les autochtones, on a formé
561 1212 1830 1280 le groupe des idiomes dravidiens, dont le tamoul est le plus considérable.
602 1268 1927 1326 La famille finno-japonaise, malgré de remarquables essais, est loin d’être
561 1315 1924 1373 constituée d’une manière définitive, et en raison du grand nombre de dialectes
561 1361 1924 1420 qu’elle embrasse, elle laisse encore subsister bien des doutes sur son homogé-
555 1402 1924 1464 néité. La famille dravidienne, au contraire, resserrée dans d’assez étroites li-
555 1449 1927 1513 mites, au centre et au sud de l’Hindoustan et à Ceylan, ne peut plus être au-
558 1496 1339 1566 jourd’hui l’objet d’importantes contestations.
608 1540 1927 1610 Voici, en peu de mots, à peu près ce qui a été fait jusqu’à présent pour
558 1583 1924 1654 la classification des langues asiatiques. Ce qu’il reste à faire est énorme. De
555 1636 1924 1697 tous côtés, des idiomes insuffisamment étudiés paraissent rebelles aux ten-
558 1689 1924 1750 tatives de rapprochement. Ces idiomes, il est vrai, sont sans doute ceux des
555 1738 1924 1797 aborigènes de l’Asie, de ces populations encore si peu connues qui ont dû être
558 1785 1924 1844 refoulées d’âge en âge par les migrations auxquelles on doit la fondation des
555 1832 1924 1896 grands empires constitués au sein du monde oriental. Les langues des tribus
549 1873 1921 1934 à demi sauvages de la région de l’Himalaya et de l’Indo-Chine sont très pro-
558 1917 1921 1984 bablement de ce nombre. Mais à côté de ces langues barbares, nous en trou-
561 1969 1924 2031 vons d’autres qui ont été cultivées depuis des siècles, qui sont représentées
555 2016 1924 2077 par une riche littérature et qui néanmoins ne semblent guère offrir de ces
555 2066 1924 2127 affinités sur lesquelles on puisse jeter les bases d’une famille linguistique ; de
552 2112 1634 2177 ce nombre il faut citer le barman, le siamois, l’annamite, etc.
593 2150 1921 2215 La classification ethnographique de l’Asie ne repose pas sur les mêmes élé-
552 2203 1921 2264 ments que la classification anthropologique et la classification linguistique.
549 2250 1921 2311 Quelques personnes s’en étonnent. Je me rends difficilement compte de leur
546 2297 1927 2358 étonnement. Les anthropologistes classent des races d’homme, des squelettes et
552 2349 1924 2411 des crânes surtout ; les linguistes classent des langues ; les ethnographes classent
546 2393 1924 2451 des nationalités, c’est-à-dire des civilisations, car si une nation peut vivre à la
546 2440 1924 2501 rigueur sans une somme assez étendue de politesse, sans idée collective, sans
546 2481 1924 2548 but déterminé, si ce n’est celui de garantir la conservation des individus qui
546 2527 1927 2595 la composent, une nationalité ne peut subsister que par l’adoption par tous
552 2589 1924 2644 ses membres d’une idée commune, par le travail de tous pour développer
552 2633 1924 2691 une certaine civilisation qui s’est déjà manifestée au moins à l’état rudimen-
552 2679 1924 2738 taire et progressif. Mais alors, dira-t-on, vous ne faites que de l’histoire ou
543 2720 1924 2785 de la géographie historique ! Cela serait vrai si nous nous bornions à étudier les
543 2770 1927 2837 annales des peuples qui existent ou qui ont cessé d’exister, sans chercher à les
962 3381 1511 3445 Droits reservés au Cnam et à ses partenaires
