2479 3508
1137 578 204 70 — 157 —

549 648 1371 62 sont formés en vivant isolés, se mélangent ensuite entre eux pendant un cer¬

558 698 1359 62 tain nombre de siècles, il est certain qu’il sortira de ce mélange une race

558 742 1356 67 qui prendra à son tour dans l’isolement des caractères distincts et qui de¬

555 792 1362 61 viendra ce qu’on peut appeler une bonne race. Eh bien! il est certain que la

555 838 1359 62 distribution géographique actuelle ne nous montre pas ces conditions néces¬

555 885 1362 62 saires pour expliquer la formation des différentes races humaines, telles que

555 932 1362 61 nous les voyons se juxtaposer aujourd’hui. Il faut donc que la géographie de

561 985 1353 58 nos continents ait changé; quant à cela, les géologues n’ont plus aucun doute.

558 1026 1356 64 La géographie, cela est maintenant démontré, n’est pas subitement transformée

561 1078 1353 62 par de grands cataclysmes généraux; elle est en voie de transformation con¬

555 1119 1356 64 stante, et ces mutations locales successives finissent, dans la suite des temps,

558 1166 1359 64 par renouveler nos continents et par donner une tout autre configuration aux

561 1219 333 58 terres et aux mers.

599 1262 1315 62 Je sais que certains esprits sont effrayés de se représenter ces grands chan¬

561 1312 1359 64 gements, qui leur semblent impliquer la nécessité de grands soulèvements de

561 1359 1356 58 montagnes, de grands mouvements du sol. Il n’est pas besoin de tout cela.

558 1400 1359 64 Une autre hypothèse peut expliquer plus aisément les changements géolo¬

555 1452 1362 68 giques. Je crois avoir été une des premières à chercher la cause des change¬

561 1502 1359 56 ments géographiques arrivés dans la suite des temps dans un mouvement de

555 1546 1365 58 déplacement de l’axe de rotation de la terre, et un mouvement de translation

555 1590 1362 61 des pôles terrestres. Cette idée est aujourd’hui acceptée par beaucoup de géo¬

558 1628 1359 70 Iogues et de savants. Celte théorie, je ne vous l’exposerai pas aujourd’hui; je

561 1689 1359 56 veux seulement appeler votre attention sur ce seul fait, c’est que, d’après

555 1730 1362 62 Arago, la hauteur du ménisque des eaux équatoriales du à la force centrifuge

558 1783 1359 55 est de 5 kilomètres. Par conséquent ce ménisque des eaux équatoriales, trans¬

558 1824 1330 64 porté sous d’autres latitudes par le déplacement de l’axe terrestre, suffirait à

558 1876 1359 59 couvrir les plus hautes montagnes de nos continents intertropicaux et extra¬

552 1917 1368 59 tropicaux. Donc, aujourd’hui, si les mers équatoriales laissent à découvert

552 1964 1362 64 de grands massifs, tels que le massif africain, c’est-à-dire le massif du Pérou,

558 2017 1362 58 dans l’Amérique méridionale et celui de l’Amérique centrale, le massif aus¬

552 2058 1365 61 Itralien avec les iles australo-guinéennes, c’est que ces trois grands plateaux

555 2104 1362 62 terrestres, considérés au point de vue de l’altitude absolue, et non plus d’après

555 2145 1365 70 la hauteur actuelle du niveau des mers, puisque ce niveau doit être changeant

555 2198 1362 61 si l’axe terrestre est lui-même mobile dans une période de temps excessive¬

555 2245 1359 64 ment longue, c’est, dis-je, que ces trois grands continents doivent avoir en

555 2294 1362 62 altitude au moins 5 kilomètres de plus que les plus hautes montagnes des en¬

555 2341 1362 61 virons du pôle ou même des zones tempérées; c’est-à-dire que cette altitude

552 2391 1362 58 étant rapportée à la longueur du rayon terrestre correspondant aux mon¬

561 2435 1353 64 tagnes du Pérou, de l’Afrique centrale et du massif guinéo-australien, est déjà

552 2481 1359 65 de 5 kilomètres plus élevée que les terres des environs du pôle. Par conséquent,

558 2534 1356 58 en supposant l’écorce terrestre immobile, si quelque jour le mouvement du

558 2581 1356 61 pôle amenait le déplacement du ménisque des eaux équatoriales, il en ré-

558 2628 1359 58 sulterait que ces trois massifs de l’Afrique, de l’Amérique centrale et de l’Aus¬

552 2669 1365 61 Itralie auraient des montagnes beaucoup plus élevées que toutes celles que

561 2718 1356 65 nous connaissons aujourd’hui. Seulement, il est à supposer, si le noyau ter¬

558 2768 1359 64 restre n’est pas absolument solide et s’il renferme un noyau fluide, qu’il par¬

967 3385 541 64 Droits reservés au Cnam et à ses partenaires
