2479 3508
1131 575 219 68 — 161 —

561 648 1362 68 groupe assez hétérogène de la race mongolique. Ils pourraient être, en effet,

558 701 1368 59 mongoliques par les yeux, par la chevelure; mais ils en diffèrent par tous les

558 745 1368 61 autres caractères. Ils se rapprochent du Négrito par la taille, par la forme

555 792 1368 61 de la tête, même par la teinte de la peau qui, bien qu’un peu plus claire,

555 838 1368 62 est cependant d’un brun très foncé; de sorte que, sauf le caractère des cheveux

555 885 1371 62 qui est plutôt mongolique, le Lapon ressemble presque à un Négrito. Tout fait

561 941 1365 55 donc supposer qu’autrefois, dans un continent qui a occupé à peu près la

561 988 1365 61 place de notre Asie actuelle, bien que différant probablement de cette Asie

558 1029 1368 61 par sa configuration, il a existé une race dont les divers rameaux nous

561 1081 1365 56 ont laissé des débris aujourd’hui dispersés dans les îles qui avoisinent ce

555 1122 1371 59 même continent, ou dans les massifs montagneux du centre; race noire, très

555 1163 1371 64 inférieure aux populations dont les débris ont été signalés dans les temps his¬

561 1219 1365 61 toriques jusque dans le bassin de l’Euphrate. Si nous pouvions avoir des docu¬

561 1268 1368 59 ments certains sur toutes les nations de l’Asie, nous verrions peut-être que

555 1309 1371 62 cette race qui aujourd’hui n’a conservé comme représentants que des groupes

561 1362 1365 58 erratiques, dispersés, était absolument continue, bien que sous des formes

555 1403 1371 61 variées, depuis la patrie des Lapons, qui n’était probablement pas leur patrie

555 1455 1298 59 actuelle, jusqu’aux iles de la Guinée, au Sud, et jusqu’aux Aïnos de l’Est.

605 1499 1321 62 Si nous allons en Afrique, nous trouvons le même spectacle. Le groupe des

555 1534 1368 76 Boschimans, au Sud, a encore la même taille que les Nègres mélanésiens,

555 1590 1368 64 taille courte, d’à peu près cinq pieds anglais, avec les mêmes cheveux en

555 1637 1368 64 touffes. Le crâne est plus allongé que chez beaucoup de Négritos, mais pas plus

549 1680 1374 65 bestial que chez le Bandhar dont j’ai remis le type au Bureau. Cette race

555 1733 1371 64 présente encore quelques autres caractères locaux qui ne nous intéressent pas

561 1786 1081 58 ici, car nous devons chercher surtout les caractères généraux.

602 1827 1324 64 Nous trouvons plus au nord de l’Afrique les Akkas, également de petite

552 1873 1371 62 taille; mais tandis que chez les Négritos asiatiques, la tête est ronde, chez

561 1929 1365 58 ceux d’Afrique, les Akkas, nous trouvons une tête allongée; caractère domi¬

555 1973 1017 61 nant, sinon général de presque toutes les races d’Afrique.

593 2017 1330 58 L'Amérique, enfin, nous offre encore le même spectacle. Au Sud et au Nord,

552 2063 1371 62 nous voyons deux types absolument distincts de l’humanité actuelle. Au Nord,

552 2113 1368 64 les Esquimaux sont encore de petite taille, avec une tête longue; au Sud, au

552 2160 1374 61 contraire, on a trouvé un type grand, avec une tête très allongée, comme chez

552 2201 278 70 les Esquimaux.

596 2256 1330 62 C’est encore un des caractères de cette humanité paléontologique vivante

546 2300 1377 62 de l'Amérique, trait commun aux Patagons qui l’exagèrent. Nous trouvons donc

549 2347 1374 61 encore là les éléments d’une population inférieure, qui a été repoussée aux

546 2394 1377 64 deux extrémités de l’Amérique, dans les climats froids, pauvres, ingrats, par

543 2438 576 67 l’invasion des races supérieures.

596 2490 1324 62 Je crois donc qu’il y aurait avantage à faire, dans les classifications de nos

546 2534 1377 64 races humaines, une place à part à ces restes fossiles d’humanités probablement

549 2587 216 58 antérieures.

590 2625 1333 67 Elles ne sont pas évidemment le commencement de notre humanité actuelle;

555 2680 1313 62 ce sont des rameaux terminaux d’ancienne branches qui tendent à mourir.

590 2724 1333 64 Nos grandes races actuelles sont émergées d’autres branches par une série

558 2777 1365 64 de progrès dont nous n’avons pas l’idée. Les chainons nous manquent pour

961 3379 553 64 Droits reservés au Cnam et à ses partenaires

660 2838 97 70 Nº 5.

1724 2847 44 61 11
