2479 3508
1131 575 219 68 — 160 —

605 637 1318 73 Il résulterait d’autres indications qu’un M. Trail, plusieurs années commissionner à

561 684 1359 67 Vurmou, avait aussi vu de ces êtres extraordinaires et serait même parvenu à s’en pro-

558 733 1368 62 curer dont l’apparence justifiait pleinement le nom traditionnel que lui donnaient les

552 774 175 62 indigènes.

616 809 1298 70 D'autres témoignages, même historiques, viennent encore se joindre à ceux-ci pour

570 853 1344 67 attester, sur différents points de la péninsule indienne, l'existence d'une race aussi

570 897 172 64 inférieure.

602 938 1321 64 M. Piddington décrit ainsi l’homme : «Il était petit, il avait le nez plat; il avait des

558 985 1359 58 rides semblant simuler des abajoues, en demi-cercle, autour des coins de la bouche

558 1029 1362 58 et sur les joues; ses bras étaient disproportionnellement longs, et l’on pouvait voir un

558 1069 1365 62 peu de poil roussâtre sur sa peau d’un noir terne. En un mot, blotti dans un coin ou

558 1116 1163 59 sur un arbre, on eût pu se tromper et le prendre pour un orang-outang.»

599 1154 1321 62 « Il faut remarquer, ajoute M. Pouchet, que M. Piddington avait beaucoup voyagé,

561 1204 1350 58 qu’il avait vu tour à tour des Bosjemans, des Hottentots, des Papous, des Alfourous,

561 1236 1356 67 les indigènes de la Nouvelle-Hollande, de la Nouvelle-Zélande et des Sandwich, ce qui

558 1280 1365 61 donne une puissante autorité aux faits qu’il rapporte. » (De la pluralité de la race lu-

561 1330 772 58 maine, par G. Pouchet, Paris, 1864, 2e édition.)

605 1397 1315 64 M. Louis Rousselet, dans son beau livre de l’Inde des Rajahs, a recueilli

555 1447 1365 61 ces renseignements et a donné, d’après nature, un dessin d’un individu d’une

555 1490 1371 68 de ces tribus des montagnes centrales de l’Inde, qui s’accorde exactement avec

558 1537 573 64 la description de M. Piddington.

599 1587 1324 61 (Mme Clémence Rover fait passer au Bureau l’esquisse du portrait des Ban-

555 1634 1368 61 dhar, publié par M. Louis Rousselet, dans l’Inde des Rajahs, et des portraits.

552 1680 1371 65 de négritos publiés par M. de Quatrefages, dans la Revue d’Anthropologie,

555 1730 339 64 1872, 1 er numéro.)

608 1768 1318 70 Voici donc à l’intérieur de l’Inde, dans les montagnes centrales, une race

552 1821 1368 61 qui est bien inférieure à la race négritos, mais qui s’y rattache par beaucoup

549 1870 1377 59 de caractères. Il est de toute probabilité qu’autrefois cette population, aujour-

549 1917 1371 59 d’hui dispersée dans les montagnes et dans les îles du continent asiatique,

552 1964 1368 64 l’a occupé tout entier ou, du moins, a peuplé un continent asiatique qui, par

555 2017 1368 58 ses contours et par ses conditions orographiques, était probablement très diffé-

555 2058 558 64 rent de ce qu’il est aujourd’hui.

593 2107 1330 59 Au nord de ce même continent, dans les îles du Japon, nous trouvons

555 2157 1365 58 encore une autre race assez remarquable, celle des Aïnos. Cette race semble se

546 2198 1374 64 rattacher encore à une humanité véritablement antérieure, à une humanité

552 2250 1368 65 paléontologique, à une humanité fossile. Nous en trouvons quelques tribus

552 2300 1368 56 éparses dans les iles japonaises. Certainement cette race n’a pas pris nais-

552 2347 1371 55 sance ainsi dans quelques îles pour s’y perpétuer uniquement; elle doit

552 2394 1368 58 s’être rattachée à des populations beaucoup plus nombreuses, et avoir eu pro-

549 2435 1371 61 bablement des congénères sur un continent beaucoup plus étendu. Cette

549 2487 1368 59 race des Aïnos est caractérisée également par une petite taille; seulement,

552 2534 1368 56 tandis que la tête des négritos est large, la tête de l’Aïnos est un peu al-

549 2578 1371 61 longée. Ce qui la distingue surtout, c’est l’abondance remarquable de son sys-

552 2625 225 64 tème pileux.

593 2671 1324 62 Si nous revenons jusque dans le nord de notre continent européen, nous

552 2712 1362 65 trouvons les Lapons, qui tranchent aussi complètement sur notre humanité

558 2771 1362 61 européenne et qu’on a successivement placés dans le groupe boréal et dans le

958 3379 553 67 Droits reservés au Cnam et à ses partenaires
